2822 4540
688 263 726 332 16

127 505 166 548 eo
193 503 393 569 nequaquam
423 481 626 570 comparandi
655 482 708 550 sed
738 504 777 548 ex
811 504 848 546 eo
878 479 979 548 multa
1001 480 1145 559 hausisse,
1162 479 1296 568 putandi

125 612 211 670 sunt.
245 602 388 668 Alterum
401 604 541 683 lonsius,
554 602 689 668 alterum
708 601 837 688 Baylius
855 601 976 688 primus
995 598 1152 668 iudicavit.
1183 601 1298 676 Suidas

126 743 157 788 v.
187 723 393 794 Ἀπολλώνιος
427 722 533 788 habet:
567 721 774 794 Ἀπολλώνιος
807 717 907 802 ἕτερος
932 719 1090 794 Τυανεύς,
1119 719 1295 803 Φιλόσοφος
1405 705 1406 728 l

127 841 266 923 νεώτερος
289 845 423 922 γεγονὼς
444 843 494 909 e’rrl
519 843 676 922 Ἀδριανοῦ
708 847 762 908 τοῦ
792 841 949 919 βασιλέως
979 841 1017 912 ὥς
1050 839 1236 922 ἈγρὲσΦων
1264 843 1295 906 ἐν

127 963 169 1042 τῷ
184 961 252 1042 περὶ
279 963 456 1042 ὁμωνύμων.
492 965 599 1050 Neque
622 965 686 1050 ipse
708 959 893 1050 Agresphon
917 959 1075 1026 Hadriano
1095 960 1215 1036 iunior,
1239 983 1296 1026 ne·

127 1103 188 1167 que
218 1104 333 1148 nomen
364 1085 430 1148 eius
460 1082 534 1148 alibi
565 1083 702 1148 occurrit
711 1107 719 1162 ;
749 1081 816 1148 fieri
844 1080 968 1166 quidem
997 1091 1098 1166 potest
1120 1091 1156 1148 ut
1178 1082 1297 1167 etipse

126 1199 165 1264 de
199 1199 271 1266 solis
304 1202 507 1288 scriptoribus
541 1204 657 1290 egerit,
697 1213 835 1268 attamen
869 1200 958 1266 nulla
993 1201 1187 1267 necessitudo
1221 1225 1296 1268 cum

126 1319 345 1406 Agresphonte
385 1321 549 1388 intercedit
582 1321 643 1388 illis
677 1322 864 1408 scriptorum
900 1320 1050 1408 catalogis
1084 1343 1123 1386 ex
1157 1322 1297 1410 Diogene

126 1440 250 1505 Laertio
287 1441 445 1506 Demetrio
482 1442 619 1529 Magneti
662 1441 803 1520 redditis,
847 1464 920 1506 nam
956 1452 1178 1527 praeterquam
1212 1441 1298 1528 quod
1405 1467 1406 1494 ὲ

126 1557 312 1646 Agresphon
336 1561 467 1648 Diogeni
489 1563 615 1648 ignotus
637 1571 700 1641 est,
726 1585 833 1630 omnes
856 1562 1039 1648 scriptores,
1071 1583 1149 1648 quos
1171 1573 1297 1628 nostrae

127 1679 221 1744 series
245 1680 420 1760 continent,
448 1682 605 1748 Demetrio
626 1684 770 1769 Magnete
792 1682 984 1767 antiquiores
1006 1693 1062 1746 aut
1084 1683 1208 1752 nonnisi
1232 1683 1298 1748 fere

127 1796 274 1884 aequales
296 1809 378 1868 sunt.
422 1802 530 1887 Neque
552 1801 640 1867 nobis
664 1801 835 1888 quidquam
859 1812 905 1867 est
927 1824 1001 1866 cum
1024 1801 1158 1868 obscuro
1180 1803 1297 1892 Agres-
1405 1829 1406 1842 ¹

127 1917 244 2003 phonte
270 1920 466 2002 obscuriore,
499 1945 675 2009 anonymo,
704 1945 797 2008 quem
821 1921 943 1986 Gellius
970 1923 1065 2010 (XIV.
1088 1919 1132 2009 6.)
1159 1925 1297 1990 suaviter

126 2041 216 2111 ridet.
250 2043 378 2110 Fecerat
401 2041 456 2106 iste
479 2041 575 2107 homo
597 2041 772 2108 Graeculus
794 2040 959 2128 Gellioque
982 2041 1139 2108 obtulerat
1161 2042 1294 2120 librum,

126 2183 190 2246 qno
220 2183 307 2226 mera
337 2160 489 2226 miracula
516 2163 630 2247 scripta
653 2173 761 2239 erant,
785 2183 941 2247 quaenam
965 2160 1021 2226 illa
1043 2160 1161 2226 luerint
1184 2172 1214 2226 et
1238 2183 1296 2228 cur
1405 2177 1406 2210 1

125 2279 177 2344 hic
198 2280 278 2346 liber
301 2303 319 2345 a
341 2281 488 2368 Diogenis
514 2281 599 2346 fonte
622 2281 829 2347 alienissimus
840 2282 879 2346 sit
891 2281 1077 2366 unicuique,
1098 2279 1193 2348 Gellii
1213 2281 1294 2347 lesti-

124 2422 201 2467 vum
224 2400 329 2467 locum
353 2401 543 2486 inspicienti,
567 2400 738 2486 apparebit.

170 2519 316 2586 Ceterum
338 2543 379 2584 ne
398 2519 448 2586 hic
475 2519 601 2606 quidem
624 2519 720 2598 liber,
745 2517 862 2584 nedum
886 2519 1035 2584 Demetrii
1058 2541 1152 2606 opus,
1180 2518 1220 2584 ad
1243 2543 1297 2584 eos
1405 2563 1406 2620 q

128 2640 183 2723 qui
212 2639 244 2704 in
274 2640 382 2705 Uranii
412 2650 466 2704 aut
491 2640 595 2704 Nonni
624 2639 808 2727 biographia
839 2637 1054 2725 componenda
1084 2638 1293 2713 desudabant,

127 2758 217 2842 quasi
246 2759 371 2838 ἓρμαιῖον
403 2759 510 2824 afferri
536 2759 685 2845 potuisset
715 2781 733 2822 a
755 2758 913 2824 Simonide
936 2759 1098 2846 Stagirita;
1123 2759 1296 2826 Simonides

127 2886 233 2940 autem
264 2878 402 2963 aequalis
428 2890 551 2957 noster,
583 2901 647 2944 non
678 2879 799 2964 primus
828 2899 885 2963 per
908 2878 1057 2955 increpa
1080 2877 1222 2945 homines
1244 2901 1295 2944 re·

127 2997 266 3061 centiore
296 3006 395 3062 aetate
425 2996 498 3063 lusit
527 2999 625 3084 iisque
654 2997 751 3063 verba
781 2995 881 3076 dedit,
912 2999 1027 3062 etenim
1057 2998 1120 3064 iam
1145 3010 1217 3066 ante
1239 2999 1296 3066 hos

129 3115 374 3203 quadringentos
393 3116 457 3182 fere
473 3141 584 3196 annos,
598 3119 719 3187 Annius
734 3117 934 3188 viterbiensis
946 3118 1061 3184 librum
1074 3119 1296 3204 Xenophon·

131 3236 183 3300 tis
213 3235 259 3300 do
286 3237 535 3322 Aequivoeis
568 3237 701 3304 finxerat
731 3249 786 3304 aut
814 3238 854 3302 ab
884 3237 951 3304 aliis
979 3236 1087 3302 lictum
1118 3250 1295 3326 acceperat,

132 3355 183 3420 cui
206 3354 287 3420 libro
309 3355 424 3425 scilieet
446 3378 537 3423 suum
565 3359 825 3424 commentarium
850 3356 977 3436 adiecit;
1009 3356 1063 3423 sed
1084 3358 1203 3424 bonum
1227 3359 1296 3424 fac-

132 3483 200 3541 tum
231 3473 315 3559 quod
345 3474 514 3542 substiterit
540 3477 572 3542 iu
600 3477 839 3562 aequivocis
872 3477 921 3566 (ut
953 3476 1088 3542 barbaro
1121 3478 1181 3544 hoc
1203 3501 1296 3545 voea-

132 3592 208 3661 bulo
227 3591 310 3682 utar)
333 3593 567 3684 mythologice,
593 3606 629 3662 ut
646 3597 804 3676 Saturnis,
829 3596 943 3668 Coelis.
967 3597 1083 3675 Vestis,
1108 3598 1296 3679 Iunonibus,

133 3712 272 3792 Cadmis,
304 3712 489 3793 Phonoreis‚
521 3717 656 3795 Proteis,
686 3717 787 3795 llinis,
819 3715 1001 3804 Ogygibus,
1036 3716 1165 3803 insuper
1201 3741 1299 3806 agens

131 3833 171 3900 de
194 3834 369 3920 aequivocis
390 3845 568 3922 temporum
592 3836 850 3921 inundationum,
875 3847 932 3904 cet.
960 3835 999 3925 ¹).
1077 3901 1080 3908 ,

169 4073 189 4140 1)
207 4076 276 4126 Libri
284 4076 371 4126 titulus
381 4084 429 4127 est:
442 4079 530 4128 Berosi
539 4079 677 4130 Sacerdotis
687 4079 816 4130 Chaldaici
825 4079 1011 4144 Antiquitatum
1019 4080 1108 4130 Italiac
1117 4097 1146 4130 ac
1154 4081 1228 4132 totius
1236 4084 1303 4134 orbis

134 4162 192 4210 libri
202 4162 327 4226 quinque,
338 4159 529 4212 Commentariis
548 4165 629 4214 Annii
638 4166 816 4225 viterbiensis,
833 4165 986 4230 Theologiae
1000 4166 1155 4230 professoris,
1172 4167 1302 4229 illustrati,

129 4244 290 4308 ‘Antverpiae
310 4248 384 4294 1552.
418 4245 544 4312 (Xenopb.
562 4265 587 4312 p.
608 4249 749 4312 7-351cf.
768 4251 841 4299 Voss.
859 4249 894 4299 H.
913 4248 956 4300 Gr.
978 4265 1002 4314 p.
1022 4254 1045 4299 9.
1065 4251 1149 4316 ibique
1167 4251 1301 4302 Westerm.

133 4337 158 4378 ot
178 4325 263 4392 Bioyr.
288 4325 397 4380 Univcrr.
415 4326 476 4381 Aac.
494 4340 518 4382 et
535 4331 605 4386 Mod.
623 4333 707 4395 Paris,
724 4334 845 4385 Michaud
861 4333 938 4386 freres
957 4337 1032 4386 1811.
1050 4335 1080 4384 11
1095 4350 1118 4399 p.
1138 4338 1285 4386 aaa-226.
