<?xml version="1.0" encoding="UTF-8"?>
<!DOCTYPE html PUBLIC "-//W3C//DTD XHTML 1.0 Transitional//EN"
    "http://www.w3.org/TR/xhtml1/DTD/xhtml1-transitional.dtd">
<html xmlns="http://www.w3.org/1999/xhtml" xml:lang="en" lang="en">
 <head>
  <title>
</title>
<meta http-equiv="Content-Type" content="text/html;charset=utf-8" />
  <meta name='ocr-system' content='tesseract 3.04.00' />
  <meta name='ocr-capabilities' content='ocr_page ocr_carea ocr_par ocr_line ocrx_word'/>
</head>
<body>
  <div class='ocr_page' id='page_1' title='image "./dedemetriomagne00schegoog_0055.png"; bbox 0 0 2822 4540; ppageno 0'>
   <div class='ocr_carea' id='block_1_1' title="bbox 696 275 737 334">
    <p class='ocr_par' dir='ltr' id='par_1_1' title="bbox 696 275 737 334">
     <span class='ocr_line' id='line_1_1' title="bbox 696 275 737 334; baseline 0 0"><span class='ocrx_word' id='word_1_1' title='bbox 696 275 737 334; x_wconf 81' lang='lat'><strong>44</strong></span> 
     </span>
    </p>
   </div>
   <div class='ocr_carea' id='block_1_2' title="bbox 125 495 1300 2260">
    <p class='ocr_par' dir='ltr' id='par_1_2' title="bbox 126 495 1300 1402">
     <span class='ocr_line' id='line_1_2' title="bbox 126 495 1300 587; baseline 0.003 -23"><span class='ocrx_word' id='word_1_2' title='bbox 126 497 230 564; x_wconf 85' lang='lat' dir='ltr'><strong>diruta</strong></span> <span class='ocrx_word' id='word_1_3' title='bbox 254 505 285 563; x_wconf 88' lang='lat' dir='ltr'><strong>et</strong></span> <span class='ocrx_word' id='word_1_4' title='bbox 308 497 362 563; x_wconf 91' lang='lat' dir='ltr'><strong>diu</strong></span> <span class='ocrx_word' id='word_1_5' title='bbox 385 506 454 584; x_wconf 90' lang='lat' dir='ltr'><strong>post</strong></span> <span class='ocrx_word' id='word_1_6' title='bbox 475 495 664 562; x_wconf 88' lang='lat' dir='ltr'><strong>Strabonem</strong></span> <span class='ocrx_word' id='word_1_7' title='bbox 686 506 781 582; x_wconf 88' lang='lat' dir='ltr'><strong>atque</strong></span> <span class='ocrx_word' id='word_1_8' title='bbox 804 506 876 562; x_wconf 85' lang='lat' dir='ltr'><strong>ente</strong></span> <span class='ocrx_word' id='word_1_9' title='bbox 895 497 1089 584; x_wconf 84' lang='lat' dir='ltr'><strong>Stephanum</strong></span> <span class='ocrx_word' id='word_1_10' title='bbox 1107 499 1185 587; x_wconf 84' lang='lat' dir='ltr'><strong>Byz.</strong></span> <span class='ocrx_word' id='word_1_11' title='bbox 1208 502 1300 585; x_wconf 89' lang='lat' dir='ltr'><strong>(Pro-</strong></span> 
     </span>
     <span class='ocr_line' id='line_1_3' title="bbox 128 614 1298 706; baseline 0.001 -21"><span class='ocrx_word' id='word_1_12' title='bbox 128 641 197 706; x_wconf 87' lang='lat' dir='ltr'><strong>cop.</strong></span> <span class='ocrx_word' id='word_1_13' title='bbox 220 618 256 685; x_wconf 86' lang='lat' dir='ltr'><strong>B.</strong></span> <span class='ocrx_word' id='word_1_14' title='bbox 277 618 361 683; x_wconf 89' lang='lat' dir='ltr'><strong>Pers.</strong></span> <span class='ocrx_word' id='word_1_15' title='bbox 380 617 406 681; x_wconf 90' lang='lat'><strong>1.</strong></span> <span class='ocrx_word' id='word_1_16' title='bbox 433 616 486 705; x_wconf 69' lang='lat'><strong>25)</strong></span> <span class='ocrx_word' id='word_1_17' title='bbox 512 614 639 682; x_wconf 89' lang='lat' dir='ltr'><strong>tandem</strong></span> <span class='ocrx_word' id='word_1_18' title='bbox 657 617 800 682; x_wconf 87' lang='lat' dir='ltr'><strong>restituta</strong></span> <span class='ocrx_word' id='word_1_19' title='bbox 822 616 927 685; x_wconf 85' lang='lat' dir='ltr'><strong>fuerit.</strong></span> <span class='ocrx_word' id='word_1_20' title='bbox 962 617 1150 706; x_wconf 88' lang='lat' dir='ltr'><strong>Forbigerus</strong></span> <span class='ocrx_word' id='word_1_21' title='bbox 1168 621 1210 688; x_wconf 90' lang='lat' dir='ltr'><strong>ll.</strong></span> <span class='ocrx_word' id='word_1_22' title='bbox 1231 622 1298 686; x_wconf 81' lang='lat'><strong>391</strong></span> 
     </span>
     <span class='ocr_line' id='line_1_4' title="bbox 127 735 1300 827; baseline 0.003 -24"><span class='ocrx_word' id='word_1_23' title='bbox 127 739 160 803; x_wconf 92' lang='lat' dir='ltr'><strong>in</strong></span> <span class='ocrx_word' id='word_1_24' title='bbox 190 761 228 804; x_wconf 91' lang='lat' dir='ltr'><strong>eo</strong></span> <span class='ocrx_word' id='word_1_25' title='bbox 257 747 358 817; x_wconf 83' lang='lat' dir='ltr'><strong>erret,</strong></span> <span class='ocrx_word' id='word_1_26' title='bbox 390 736 474 824; x_wconf 89' lang='lat' dir='ltr'><strong>qnod</strong></span> <span class='ocrx_word' id='word_1_27' title='bbox 504 735 683 802; x_wconf 81' lang='lat' dir='ltr'><strong>Ptolemaeo</strong></span> <span class='ocrx_word' id='word_1_28' title='bbox 713 737 816 816; x_wconf 80' lang='lat' dir='ltr'><strong>uisne,</strong></span> <span class='ocrx_word' id='word_1_29' title='bbox 847 736 972 803; x_wconf 88' lang='lat' dir='ltr'><strong>locutus</strong></span> <span class='ocrx_word' id='word_1_30' title='bbox 995 748 1041 803; x_wconf 89' lang='lat' dir='ltr'><strong>est</strong></span> <span class='ocrx_word' id='word_1_31' title='bbox 1070 738 1110 804; x_wconf 88' lang='lat' dir='ltr'><strong>de</strong></span> <span class='ocrx_word' id='word_1_32' title='bbox 1132 738 1300 827; x_wconf 84' lang='lat' dir='ltr'><strong>Bithyniae</strong></span> 
     </span>
     <span class='ocr_line' id='line_1_5' title="bbox 126 855 1300 943; baseline -0.001 -18"><span class='ocrx_word' id='word_1_33' title='bbox 126 857 256 926; x_wconf 88' lang='lat' dir='ltr'><strong>castello</strong></span> <span class='ocrx_word' id='word_1_34' title='bbox 279 858 392 922; x_wconf 83' lang='lat' dir='ltr'><strong>Artace</strong></span> <span class='ocrx_word' id='word_1_35' title='bbox 414 855 454 921; x_wconf 83' lang='lat' dir='ltr'><strong>sd</strong></span> <span class='ocrx_word' id='word_1_36' title='bbox 476 856 627 921; x_wconf 82' lang='lat' dir='ltr'><strong>Artenem</strong></span> <span class='ocrx_word' id='word_1_37' title='bbox 653 855 788 936; x_wconf 82' lang='lat' dir='ltr'><strong>flumen3</strong></span> <span class='ocrx_word' id='word_1_38' title='bbox 815 879 909 943; x_wconf 90' lang='lat' dir='ltr'><strong>quem</strong></span> <span class='ocrx_word' id='word_1_39' title='bbox 929 879 1070 923; x_wconf 87' lang='lat' dir='ltr'><strong>errorem</strong></span> <span class='ocrx_word' id='word_1_40' title='bbox 1086 857 1300 926; x_wconf 81' lang='lat' dir='ltr'><strong>Grotelendus</strong></span> 
     </span>
     <span class='ocr_line' id='line_1_6' title="bbox 127 974 1299 1066; baseline -0.002 -21"><span class='ocrx_word' id='word_1_41' title='bbox 127 978 290 1066; x_wconf 89' lang='lat' dir='ltr'><strong>corrigens</strong></span> <span class='ocrx_word' id='word_1_42' title='bbox 314 975 429 1066; x_wconf 83' lang='lat' dir='ltr'><strong>(Paulli</strong></span> <span class='ocrx_word' id='word_1_43' title='bbox 451 974 541 1042; x_wconf 87' lang='lat' dir='ltr'><strong>Thes.</strong></span> <span class='ocrx_word' id='word_1_44' title='bbox 565 976 581 1039; x_wconf 96' lang='lat'>1</span> <span class='ocrx_word' id='word_1_45' title='bbox 603 998 634 1061; x_wconf 89' lang='lat' dir='ltr'><strong>p.</strong></span> <span class='ocrx_word' id='word_1_46' title='bbox 660 975 739 1066; x_wconf 88' lang='grc'>836)</span> <span class='ocrx_word' id='word_1_47' title='bbox 763 974 795 1040; x_wconf 92' lang='lat' dir='ltr'><strong>id</strong></span> <span class='ocrx_word' id='word_1_48' title='bbox 818 974 981 1042; x_wconf 88' lang='lat' dir='ltr'><strong>castellum</strong></span> <span class='ocrx_word' id='word_1_49' title='bbox 1004 999 1068 1042; x_wconf 91' lang='lat' dir='ltr'><strong>non</strong></span> <span class='ocrx_word' id='word_1_50' title='bbox 1086 977 1225 1058; x_wconf 76' lang='grc' dir='ltr'><em>’Λρτοὶκη</em></span> <span class='ocrx_word' id='word_1_51' title='bbox 1243 977 1299 1043; x_wconf 87' lang='lat' dir='ltr'><strong>sed</strong></span> 
     </span>
     <span class='ocr_line' id='line_1_7' title="bbox 128 1093 1298 1183; baseline 0 -19"><span class='ocrx_word' id='word_1_52' title='bbox 128 1108 164 1164; x_wconf 92' lang='lat' dir='ltr'><strong>ut</strong></span> <span class='ocrx_word' id='word_1_53' title='bbox 178 1107 210 1164; x_wconf 91' lang='lat' dir='ltr'><strong>et</strong></span> <span class='ocrx_word' id='word_1_54' title='bbox 224 1097 343 1163; x_wconf 88' lang='lat' dir='ltr'><strong>flumen</strong></span> <span class='ocrx_word' id='word_1_55' title='bbox 353 1093 505 1177; x_wconf 74' lang='grc' dir='ltr'><em>Ἀρτάνης</em></span> <span class='ocrx_word' id='word_1_56' title='bbox 523 1105 669 1160; x_wconf 88' lang='lat' dir='ltr'><strong>vocatum</strong></span> <span class='ocrx_word' id='word_1_57' title='bbox 685 1117 750 1160; x_wconf 91' lang='lat' dir='ltr'><strong>esse</strong></span> <span class='ocrx_word' id='word_1_58' title='bbox 768 1094 1008 1170; x_wconf 85' lang='lat' dir='ltr'><strong>demonstravit,</strong></span> <span class='ocrx_word' id='word_1_59' title='bbox 1029 1095 1298 1183; x_wconf 85' lang='lat' dir='ltr'><strong>quemadmodum</strong></span> 
     </span>
     <span class='ocr_line' id='line_1_8' title="bbox 128 1213 1298 1304; baseline 0 -22"><span class='ocrx_word' id='word_1_60' title='bbox 128 1218 319 1303; x_wconf 82' lang='lat' dir='ltr'><strong>eKieperto</strong></span> <span class='ocrx_word' id='word_1_61' title='bbox 348 1236 474 1301; x_wconf 84' lang='lat' dir='ltr'><strong>quoque</strong></span> <span class='ocrx_word' id='word_1_62' title='bbox 502 1214 535 1280; x_wconf 90' lang='lat' dir='ltr'><strong>in</strong></span> <span class='ocrx_word' id='word_1_63' title='bbox 562 1213 625 1281; x_wconf 87' lang='lat' dir='ltr'><strong>tab.</strong></span> <span class='ocrx_word' id='word_1_64' title='bbox 648 1215 751 1283; x_wconf 77' lang='lat' dir='ltr'>xv11=</span> <span class='ocrx_word' id='word_1_65' title='bbox 775 1223 947 1302; x_wconf 87' lang='lat' dir='ltr'><strong>utrumque</strong></span> <span class='ocrx_word' id='word_1_66' title='bbox 969 1225 1054 1282; x_wconf 87' lang='lat' dir='ltr'><strong>recte</strong></span> <span class='ocrx_word' id='word_1_67' title='bbox 1076 1227 1298 1304; x_wconf 83' lang='lat' dir='ltr'><strong>repraesenta-</strong></span> 
     </span>
     <span class='ocr_line' id='line_1_9' title="bbox 127 1345 275 1402; baseline 0 0"><span class='ocrx_word' id='word_1_68' title='bbox 127 1345 196 1402; x_wconf 88' lang='lat' dir='ltr'><strong>tum</strong></span> <span class='ocrx_word' id='word_1_69' title='bbox 219 1345 275 1402; x_wconf 90' lang='lat' dir='ltr'><strong>est.</strong></span> 
     </span>
    </p>

    <p class='ocr_par' dir='ltr' id='par_1_3' title="bbox 125 1451 1299 2260">
     <span class='ocr_line' id='line_1_10' title="bbox 170 1451 1298 1535; baseline -0.001 -12"><span class='ocrx_word' id='word_1_70' title='bbox 170 1453 276 1524; x_wconf 86' lang='lat' dir='ltr'><strong>Verba</strong></span> <span class='ocrx_word' id='word_1_71' title='bbox 308 1453 364 1519; x_wconf 94' lang='lat' dir='ltr'><strong>illa</strong></span> <span class='ocrx_word' id='word_1_72' title='bbox 398 1451 536 1535; x_wconf 72' lang='grc' dir='ltr'><em>Ἀρτοέκη</em></span> <span class='ocrx_word' id='word_1_73' title='bbox 560 1491 604 1504; x_wconf 92' lang='lat'><strong>—-</strong></span> <span class='ocrx_word' id='word_1_74' title='bbox 628 1455 776 1534; x_wconf 69' lang='grc' dir='ltr'><em>αἰγιαλοῦ</em></span> <span class='ocrx_word' id='word_1_75' title='bbox 808 1463 917 1521; x_wconf 74' lang='grc' dir='ltr'><em>αιτιοι</em></span> <span class='ocrx_word' id='word_1_76' title='bbox 951 1457 983 1521; x_wconf 92' lang='lat' dir='ltr'><strong>in</strong></span> <span class='ocrx_word' id='word_1_77' title='bbox 1013 1456 1171 1523; x_wconf 85' lang='lat' dir='ltr'><strong>Demetrio</strong></span> <span class='ocrx_word' id='word_1_78' title='bbox 1193 1457 1235 1522; x_wconf 86' lang='lat' dir='ltr'><strong>an</strong></span> <span class='ocrx_word' id='word_1_79' title='bbox 1261 1458 1298 1522; x_wconf 91' lang='lat' dir='ltr'><strong>in</strong></span> 
     </span>
     <span class='ocr_line' id='line_1_11' title="bbox 125 1571 1298 1660; baseline 0.003 -21"><span class='ocrx_word' id='word_1_80' title='bbox 125 1573 323 1640; x_wconf 87' lang='lat' dir='ltr'><strong>Timosthene</strong></span> <span class='ocrx_word' id='word_1_81' title='bbox 355 1574 518 1638; x_wconf 87' lang='lat' dir='ltr'><strong>invenerat</strong></span> <span class='ocrx_word' id='word_1_82' title='bbox 540 1571 748 1660; x_wconf 75' lang='lat' dir='ltr'><strong>stephanus?</strong></span> <span class='ocrx_word' id='word_1_83' title='bbox 784 1575 886 1640; x_wconf 78' lang='lat' dir='ltr'><strong>Ambo</strong></span> <span class='ocrx_word' id='word_1_84' title='bbox 914 1575 943 1640; x_wconf 91' lang='lat' dir='ltr'><strong>ei</strong></span> <span class='ocrx_word' id='word_1_85' title='bbox 969 1574 1009 1640; x_wconf 93' lang='lat' dir='ltr'><strong>ad</strong></span> <span class='ocrx_word' id='word_1_86' title='bbox 1031 1599 1162 1642; x_wconf 83' lang='lat' dir='ltr'><strong>manum</strong></span> <span class='ocrx_word' id='word_1_87' title='bbox 1185 1587 1298 1654; x_wconf 86' lang='lat' dir='ltr'><strong>erant,</strong></span> 
     </span>
     <span class='ocr_line' id='line_1_12' title="bbox 126 1684 1296 1782; baseline 0 -22"><span class='ocrx_word' id='word_1_88' title='bbox 126 1716 271 1782; x_wconf 89' lang='lat' dir='ltr'><strong>quaeque</strong></span> <span class='ocrx_word' id='word_1_89' title='bbox 300 1715 330 1760; x_wconf 91' lang='lat' dir='ltr'><strong>v.</strong></span> <span class='ocrx_word' id='word_1_90' title='bbox 351 1715 378 1760; x_wconf 93' lang='lat' dir='ltr'><strong>c.</strong></span> <span class='ocrx_word' id='word_1_91' title='bbox 409 1691 449 1757; x_wconf 81' lang='lat' dir='ltr'><strong>ad</strong></span> <span class='ocrx_word' id='word_1_92' title='bbox 471 1691 638 1766; x_wconf 79' lang='grc' dir='ltr'><em>Ἀπιδανός</em></span> <span class='ocrx_word' id='word_1_93' title='bbox 669 1684 846 1780; x_wconf 86' lang='lat' dir='ltr'><strong>Stephanus</strong></span> <span class='ocrx_word' id='word_1_94' title='bbox 875 1693 1038 1781; x_wconf 82' lang='lat' dir='ltr'><strong>adscripsit</strong></span> <span class='ocrx_word' id='word_1_95' title='bbox 1069 1693 1296 1779; x_wconf 74' lang='grc' dir='ltr'><em>,,ε’μβοὶλνιοον”</em></span> 
     </span>
     <span class='ocr_line' id='line_1_13' title="bbox 126 1814 1297 1893; baseline -0.001 -13"><span class='ocrx_word' id='word_1_96' title='bbox 126 1824 203 1893; x_wconf 85' lang='lat' dir='ltr'><strong>cet,</strong></span> <span class='ocrx_word' id='word_1_97' title='bbox 234 1837 271 1880; x_wconf 85' lang='lat' dir='ltr'><strong>ea</strong></span> <span class='ocrx_word' id='word_1_98' title='bbox 293 1836 357 1878; x_wconf 90' lang='lat' dir='ltr'><strong>non</strong></span> <span class='ocrx_word' id='word_1_99' title='bbox 381 1837 420 1879; x_wconf 86' lang='lat' dir='ltr'><strong>ex</strong></span> <span class='ocrx_word' id='word_1_100' title='bbox 442 1815 617 1893; x_wconf 83' lang='lat' dir='ltr'><strong>Demetrio,</strong></span> <span class='ocrx_word' id='word_1_101' title='bbox 651 1835 764 1880; x_wconf 89' lang='lat' dir='ltr'><strong>verum</strong></span> <span class='ocrx_word' id='word_1_102' title='bbox 793 1837 833 1878; x_wconf 87' lang='lat' dir='ltr'><strong>ex</strong></span> <span class='ocrx_word' id='word_1_103' title='bbox 862 1814 1060 1880; x_wconf 86' lang='lat' dir='ltr'><strong>Timosthene</strong></span> <span class='ocrx_word' id='word_1_104' title='bbox 1090 1814 1297 1882; x_wconf 84' lang='lat' dir='ltr'><strong>desumserat.</strong></span> 
     </span>
     <span class='ocr_line' id='line_1_14' title="bbox 125 1932 1295 2019; baseline 0.001 -20"><span class='ocrx_word' id='word_1_105' title='bbox 125 1933 297 1999; x_wconf 86' lang='lat' dir='ltr'><strong>Meinekius</strong></span> <span class='ocrx_word' id='word_1_106' title='bbox 327 1955 426 2019; x_wconf 92' lang='lat' dir='ltr'><strong>quum</strong></span> <span class='ocrx_word' id='word_1_107' title='bbox 453 1933 486 1998; x_wconf 90' lang='lat' dir='ltr'><strong>in</strong></span> <span class='ocrx_word' id='word_1_108' title='bbox 509 1932 616 1998; x_wconf 87' lang='lat' dir='ltr'><strong>codice</strong></span> <span class='ocrx_word' id='word_1_109' title='bbox 638 1933 789 2002; x_wconf 88' lang='lat' dir='ltr'><strong>Vossiano</strong></span> <span class='ocrx_word' id='word_1_110' title='bbox 811 1933 977 2000; x_wconf 87' lang='lat' dir='ltr'><strong>invenisset</strong></span> <span class='ocrx_word' id='word_1_111' title='bbox 1006 1933 1058 1998; x_wconf 76' lang='lat' dir='ltr'><strong>nul</strong></span> <span class='ocrx_word' id='word_1_112' title='bbox 1084 1935 1295 2014; x_wconf 74' lang='grc' dir='ltr'><em>Τιμοσθένην,</em></span> 
     </span>
     <span class='ocr_line' id='line_1_15' title="bbox 127 2051 1298 2140; baseline -0.001 -21"><span class='ocrx_word' id='word_1_113' title='bbox 127 2053 258 2120; x_wconf 90' lang='lat' dir='ltr'><strong>coniecit</strong></span> <span class='ocrx_word' id='word_1_114' title='bbox 279 2051 366 2117; x_wconf 75' lang='grc' dir='ltr'><em>κατα</em></span> <span class='ocrx_word' id='word_1_115' title='bbox 392 2051 596 2132; x_wconf 63' lang='lat' dir='ltr'><strong>Timalinum</strong></span> <span class='ocrx_word' id='word_1_116' title='bbox 631 2051 684 2118; x_wconf 90' lang='lat' dir='ltr'><strong>sed</strong></span> <span class='ocrx_word' id='word_1_117' title='bbox 706 2052 760 2118; x_wconf 82' lang='lat' dir='ltr'><strong>vix</strong></span> <span class='ocrx_word' id='word_1_118' title='bbox 784 2054 921 2140; x_wconf 89' lang='lat' dir='ltr'><strong>putarim</strong></span> <span class='ocrx_word' id='word_1_119' title='bbox 945 2053 1052 2118; x_wconf 90' lang='lat' dir='ltr'><strong>omnia</strong></span> <span class='ocrx_word' id='word_1_120' title='bbox 1075 2053 1131 2118; x_wconf 90' lang='lat' dir='ltr'><strong>illa</strong></span> <span class='ocrx_word' id='word_1_121' title='bbox 1154 2054 1194 2120; x_wconf 92' lang='lat' dir='ltr'><strong>ab</strong></span> <span class='ocrx_word' id='word_1_122' title='bbox 1216 2056 1298 2136; x_wconf 85' lang='grc' dir='ltr'><strong>Ἀρ-</strong></span> 
     </span>
     <span class='ocr_line' id='line_1_16' title="bbox 126 2171 1299 2260; baseline 0.003 -24"><span class='ocrx_word' id='word_1_123' title='bbox 126 2171 208 2248; x_wconf 76' lang='grc' dir='ltr'><em>τσὶκη</em></span> <span class='ocrx_word' id='word_1_124' title='bbox 231 2209 277 2224; x_wconf 89' lang='lat'><strong>--</strong></span> <span class='ocrx_word' id='word_1_125' title='bbox 299 2174 492 2251; x_wconf 73' lang='grc' dir='ltr'><em>αἰγιαλοῦ-α</em></span> <span class='ocrx_word' id='word_1_126' title='bbox 513 2173 689 2252; x_wconf 87' lang='lat' dir='ltr'><strong>Demetrio,</strong></span> <span class='ocrx_word' id='word_1_127' title='bbox 722 2173 778 2259; x_wconf 89' lang='lat' dir='ltr'><strong>qui</strong></span> <span class='ocrx_word' id='word_1_128' title='bbox 798 2173 1105 2239; x_wconf 80' lang='lat' dir='ltr'><strong>brevitati&#39;studeret</strong></span> <span class='ocrx_word' id='word_1_129' title='bbox 1131 2195 1235 2260; x_wconf 89' lang='lat' dir='ltr'><strong>neque</strong></span> <span class='ocrx_word' id='word_1_130' title='bbox 1257 2183 1299 2239; x_wconf 89' lang='lat' dir='ltr'><strong>ut</strong></span> 
     </span>
    </p>
   </div>
   <div class='ocr_carea' id='block_1_3' title="bbox 126 2291 1297 2380">
    <p class='ocr_par' dir='ltr' id='par_1_4' title="bbox 126 2291 1297 2380">
     <span class='ocr_line' id='line_1_17' title="bbox 126 2291 1297 2380; baseline 0.003 -25"><span class='ocrx_word' id='word_1_131' title='bbox 126 2291 302 2378; x_wconf 88' lang='lat' dir='ltr'><strong>Stephanus</strong></span> <span class='ocrx_word' id='word_1_132' title='bbox 328 2300 475 2358; x_wconf 89' lang='lat' dir='ltr'><strong>centones</strong></span> <span class='ocrx_word' id='word_1_133' title='bbox 504 2292 670 2358; x_wconf 87' lang='lat' dir='ltr'><strong>corradere</strong></span> <span class='ocrx_word' id='word_1_134' title='bbox 692 2291 804 2372; x_wconf 87' lang='lat' dir='ltr'><strong>vellet,</strong></span> <span class='ocrx_word' id='word_1_135' title='bbox 834 2295 1020 2380; x_wconf 83' lang='lat' dir='ltr'><strong>transcripte</strong></span> <span class='ocrx_word' id='word_1_136' title='bbox 1042 2293 1152 2374; x_wconf 85' lang='lat' dir='ltr'><strong>fuisse;</strong></span> <span class='ocrx_word' id='word_1_137' title='bbox 1177 2293 1297 2359; x_wconf 89' lang='lat' dir='ltr'><strong>horum</strong></span> 
     </span>
    </p>
   </div>
   <div class='ocr_carea' id='block_1_4' title="bbox 123 2411 1299 3696">
    <p class='ocr_par' dir='ltr' id='par_1_5' title="bbox 123 2411 1299 3696">
     <span class='ocr_line' id='line_1_18' title="bbox 126 2411 1297 2498; baseline 0 -22"><span class='ocrx_word' id='word_1_138' title='bbox 126 2413 229 2498; x_wconf 90' lang='lat' dir='ltr'><strong>potius</strong></span> <span class='ocrx_word' id='word_1_139' title='bbox 261 2411 386 2477; x_wconf 88' lang='lat' dir='ltr'><strong>nonnisi</strong></span> <span class='ocrx_word' id='word_1_140' title='bbox 418 2411 542 2477; x_wconf 91' lang='lat' dir='ltr'><strong>initium</strong></span> <span class='ocrx_word' id='word_1_141' title='bbox 576 2412 750 2498; x_wconf 84' lang='lat' dir='ltr'><strong>scripserit,</strong></span> <span class='ocrx_word' id='word_1_142' title='bbox 782 2411 887 2478; x_wconf 80' lang='lat' dir='ltr'><strong>addito</strong></span> <span class='ocrx_word' id='word_1_143' title='bbox 917 2413 1123 2479; x_wconf 89' lang='lat' dir='ltr'><strong>Timosthenis</strong></span> <span class='ocrx_word' id='word_1_144' title='bbox 1149 2413 1297 2492; x_wconf 89' lang='lat' dir='ltr'><strong>nomine,</strong></span> 
     </span>
     <span class='ocr_line' id='line_1_19' title="bbox 126 2529 1298 2620; baseline 0.003 -26"><span class='ocrx_word' id='word_1_145' title='bbox 126 2529 211 2596; x_wconf 89' lang='lat' dir='ltr'><strong>haud</strong></span> <span class='ocrx_word' id='word_1_146' title='bbox 241 2530 332 2596; x_wconf 86' lang='lat' dir='ltr'><strong>aliter</strong></span> <span class='ocrx_word' id='word_1_147' title='bbox 365 2540 459 2617; x_wconf 89' lang='lat' dir='ltr'><strong>atque</strong></span> <span class='ocrx_word' id='word_1_148' title='bbox 488 2530 520 2594; x_wconf 93' lang='lat' dir='ltr'><strong>in</strong></span> <span class='ocrx_word' id='word_1_149' title='bbox 548 2529 749 2618; x_wconf 88' lang='lat' dir='ltr'><strong>fragmentis,</strong></span> <span class='ocrx_word' id='word_1_150' title='bbox 780 2532 912 2620; x_wconf 85' lang='lat' dir='ltr'><strong>Diogeni</strong></span> <span class='ocrx_word' id='word_1_151' title='bbox 935 2533 1080 2611; x_wconf 89' lang='lat' dir='ltr'><strong>servatis,</strong></span> <span class='ocrx_word' id='word_1_152' title='bbox 1104 2554 1178 2596; x_wconf 90' lang='lat' dir='ltr'><strong>eum</strong></span> <span class='ocrx_word' id='word_1_153' title='bbox 1200 2541 1298 2598; x_wconf 86' lang='lat' dir='ltr'><strong>testes</strong></span> 
     </span>
     <span class='ocr_line' id='line_1_20' title="bbox 125 2648 1299 2738; baseline 0.001 -23"><span class='ocrx_word' id='word_1_154' title='bbox 125 2673 197 2716; x_wconf 88' lang='lat' dir='ltr'><strong>suos</strong></span> <span class='ocrx_word' id='word_1_155' title='bbox 219 2648 349 2715; x_wconf 89' lang='lat' dir='ltr'><strong>laudare</strong></span> <span class='ocrx_word' id='word_1_156' title='bbox 372 2649 513 2714; x_wconf 90' lang='lat' dir='ltr'><strong>videmus</strong></span> <span class='ocrx_word' id='word_1_157' title='bbox 521 2674 529 2730; x_wconf 92' lang='lat'>;</span> <span class='ocrx_word' id='word_1_158' title='bbox 556 2650 678 2736; x_wconf 88' lang='lat' dir='ltr'><strong>reliqua</strong></span> <span class='ocrx_word' id='word_1_159' title='bbox 701 2651 897 2717; x_wconf 68' lang='lat' dir='ltr'><strong>arrhenico</strong></span> <span class='ocrx_word' id='word_1_160' title='bbox 922 2653 1036 2731; x_wconf 71' lang='grc' dir='ltr'><em>λιμήν,</em></span> <span class='ocrx_word' id='word_1_161' title='bbox 1061 2662 1118 2718; x_wconf 88' lang='lat' dir='ltr'><strong>cet.</strong></span> <span class='ocrx_word' id='word_1_162' title='bbox 1138 2651 1299 2738; x_wconf 86' lang='lat' dir='ltr'><strong>imprimis</strong></span> 
     </span>
     <span class='ocr_line' id='line_1_21' title="bbox 125 2765 1295 2857; baseline -0.001 -22"><span class='ocrx_word' id='word_1_163' title='bbox 125 2768 230 2835; x_wconf 89' lang='lat' dir='ltr'><strong>locum</strong></span> <span class='ocrx_word' id='word_1_164' title='bbox 260 2769 317 2834; x_wconf 90' lang='lat' dir='ltr'><strong>sibi</strong></span> <span class='ocrx_word' id='word_1_165' title='bbox 346 2765 506 2833; x_wconf 88' lang='lat' dir='ltr'><strong>vindicant</strong></span> <span class='ocrx_word' id='word_1_166' title='bbox 533 2769 565 2834; x_wconf 91' lang='lat' dir='ltr'><strong>in</strong></span> <span class='ocrx_word' id='word_1_167' title='bbox 589 2791 683 2857; x_wconf 88' lang='lat' dir='ltr'><strong>opere</strong></span> <span class='ocrx_word' id='word_1_168' title='bbox 704 2769 910 2837; x_wconf 88' lang='lat' dir='ltr'><strong>Timosthenis</strong></span> <span class='ocrx_word' id='word_1_169' title='bbox 931 2771 1061 2850; x_wconf 87' lang='lat' dir='ltr'><strong>Rhodii,</strong></span> <span class='ocrx_word' id='word_1_170' title='bbox 1085 2770 1141 2857; x_wconf 90' lang='lat' dir='ltr'><strong>qui</strong></span> <span class='ocrx_word' id='word_1_171' title='bbox 1162 2773 1295 2835; x_wconf 83' lang='lat' dir='ltr'><strong>Eratos-</strong></span> 
     </span>
     <span class='ocr_line' id='line_1_22' title="bbox 124 2886 1291 2980; baseline 0 -28"><span class='ocrx_word' id='word_1_172' title='bbox 124 2886 217 2952; x_wconf 91' lang='lat' dir='ltr'><strong>thene</strong></span> <span class='ocrx_word' id='word_1_173' title='bbox 248 2887 406 2972; x_wconf 86' lang='lat' dir='ltr'><strong>antiquior</strong></span> <span class='ocrx_word' id='word_1_174' title='bbox 436 2887 630 2966; x_wconf 76' lang='grc' dir='ltr'><em>σταδιασμόν</em></span> <span class='ocrx_word' id='word_1_175' title='bbox 664 2886 783 2976; x_wconf 88' lang='lat' dir='ltr'><strong>(steph.</strong></span> <span class='ocrx_word' id='word_1_176' title='bbox 807 2889 840 2954; x_wconf 90' lang='grc' dir='ltr'><strong>Β.</strong></span> <span class='ocrx_word' id='word_1_177' title='bbox 864 2914 894 2956; x_wconf 88' lang='lat' dir='ltr'><strong>v.</strong></span> <span class='ocrx_word' id='word_1_178' title='bbox 918 2890 1054 2980; x_wconf 72' lang='grc' dir='ltr'><em>Ἀραὶθη)</em></span> <span class='ocrx_word' id='word_1_179' title='bbox 1086 2889 1191 2976; x_wconf 89' lang='lat' dir='ltr'><strong>ibique</strong></span> <span class='ocrx_word' id='word_1_180' title='bbox 1221 2888 1291 2970; x_wconf 75' lang='grc' dir='ltr'><strong>περὶ</strong></span> 
     </span>
     <span class='ocr_line' id='line_1_23' title="bbox 123 3006 1296 3096; baseline 0.001 -26"><span class='ocrx_word' id='word_1_181' title='bbox 123 3006 254 3086; x_wconf 78' lang='grc' dir='ltr'><em>λιμένων</em></span> <span class='ocrx_word' id='word_1_182' title='bbox 289 3007 463 3092; x_wconf 87' lang='lat' dir='ltr'><strong>scripserat.</strong></span> <span class='ocrx_word' id='word_1_183' title='bbox 508 3008 545 3072; x_wconf 88' lang='lat' dir='ltr'><strong>ln</strong></span> <span class='ocrx_word' id='word_1_184' title='bbox 580 3007 640 3072; x_wconf 89' lang='lat' dir='ltr'><strong>hoc</strong></span> <span class='ocrx_word' id='word_1_185' title='bbox 672 3008 755 3073; x_wconf 89' lang='lat' dir='ltr'><strong>libro</strong></span> <span class='ocrx_word' id='word_1_186' title='bbox 788 3008 1015 3089; x_wconf 89' lang='lat' dir='ltr'><strong>Timosthenes,</strong></span> <span class='ocrx_word' id='word_1_187' title='bbox 1051 3032 1146 3096; x_wconf 90' lang='lat' dir='ltr'><strong>quem</strong></span> <span class='ocrx_word' id='word_1_188' title='bbox 1179 3006 1296 3073; x_wconf 85' lang='lat' dir='ltr'><strong>Strabo</strong></span> 
     </span>
     <span class='ocr_line' id='line_1_24' title="bbox 126 3126 1297 3218; baseline -0.001 -25"><span class='ocrx_word' id='word_1_189' title='bbox 126 3129 170 3218; x_wconf 90' lang='lat' dir='ltr'><strong>(p.</strong></span> <span class='ocrx_word' id='word_1_190' title='bbox 195 3129 236 3193; x_wconf 80' lang='lat'><strong>92</strong></span> <span class='ocrx_word' id='word_1_191' title='bbox 259 3137 291 3193; x_wconf 90' lang='lat' dir='ltr'><strong>et</strong></span> <span class='ocrx_word' id='word_1_192' title='bbox 312 3127 391 3212; x_wconf 82' lang='lat'><strong>422)</strong></span> <span class='ocrx_word' id='word_1_193' title='bbox 419 3127 528 3215; x_wconf 88' lang='lat' dir='ltr'><strong>magni</strong></span> <span class='ocrx_word' id='word_1_194' title='bbox 557 3127 630 3193; x_wconf 82' lang='lat' dir='ltr'><strong>facit</strong></span> <span class='ocrx_word' id='word_1_195' title='bbox 655 3137 686 3192; x_wconf 94' lang='lat' dir='ltr'><strong>et</strong></span> <span class='ocrx_word' id='word_1_196' title='bbox 708 3151 727 3193; x_wconf 88' lang='lat' dir='ltr'><strong>a</strong></span> <span class='ocrx_word' id='word_1_197' title='bbox 750 3152 814 3216; x_wconf 93' lang='lat' dir='ltr'><strong>quo</strong></span> <span class='ocrx_word' id='word_1_198' title='bbox 836 3130 1055 3196; x_wconf 81' lang='lat' dir='ltr'><strong>Eratosthenes</strong></span> <span class='ocrx_word' id='word_1_199' title='bbox 1078 3129 1196 3206; x_wconf 89' lang='lat' dir='ltr'><strong>multa,</strong></span> <span class='ocrx_word' id='word_1_200' title='bbox 1218 3126 1297 3200; x_wconf 85' lang='lat' dir='ltr'><strong>licet</strong></span> 
     </span>
     <span class='ocr_line' id='line_1_25' title="bbox 124 3247 1293 3342; baseline -0.001 -30"><span class='ocrx_word' id='word_1_201' title='bbox 124 3269 189 3313; x_wconf 90' lang='lat' dir='ltr'><strong>non</strong></span> <span class='ocrx_word' id='word_1_202' title='bbox 222 3257 323 3326; x_wconf 81' lang='lat' dir='ltr'><strong>tanta,</strong></span> <span class='ocrx_word' id='word_1_203' title='bbox 348 3258 476 3332; x_wconf 61' lang='lat' dir='ltr'><strong>vquanta</strong></span> <span class='ocrx_word' id='word_1_204' title='bbox 509 3247 587 3313; x_wconf 85' lang='lat' dir='ltr'><strong>dixit</strong></span> <span class='ocrx_word' id='word_1_205' title='bbox 614 3250 789 3316; x_wconf 86' lang='lat' dir='ltr'><strong>Marcianus</strong></span> <span class='ocrx_word' id='word_1_206' title='bbox 816 3251 1000 3318; x_wconf 85' lang='lat' dir='ltr'><strong>Heracleote</strong></span> <span class='ocrx_word' id='word_1_207' title='bbox 1025 3248 1293 3342; x_wconf 84' lang='lat' dir='ltr'><strong>(Geogr.l1in.1</strong></span> 
     </span>
     <span class='ocr_line' id='line_1_26' title="bbox 124 3365 1295 3454; baseline 0.003 -24"><span class='ocrx_word' id='word_1_208' title='bbox 124 3389 156 3454; x_wconf 89' lang='lat' dir='ltr'><strong>p.</strong></span> <span class='ocrx_word' id='word_1_209' title='bbox 173 3365 236 3431; x_wconf 82' lang='lat'><strong>565</strong></span> <span class='ocrx_word' id='word_1_210' title='bbox 256 3366 304 3432; x_wconf 87' lang='lat' dir='ltr'><strong>ed.</strong></span> <span class='ocrx_word' id='word_1_211' title='bbox 323 3366 480 3451; x_wconf 82' lang='lat' dir='ltr'><strong>Muller.),</strong></span> <span class='ocrx_word' id='word_1_212' title='bbox 505 3378 667 3435; x_wconf 87' lang='lat' dir='ltr'><strong>mutuatus</strong></span> <span class='ocrx_word' id='word_1_213' title='bbox 690 3381 751 3450; x_wconf 92' lang='lat' dir='ltr'><strong>est,</strong></span> <span class='ocrx_word' id='word_1_214' title='bbox 776 3371 943 3453; x_wconf 77' lang='grc' dir='ltr'><em>περίπλους</em></span> <span class='ocrx_word' id='word_1_215' title='bbox 963 3381 994 3436; x_wconf 90' lang='lat' dir='ltr'><strong>et</strong></span> <span class='ocrx_word' id='word_1_216' title='bbox 1012 3370 1199 3453; x_wconf 70' lang='grc' dir='ltr'><em>παράπλους</em></span> <span class='ocrx_word' id='word_1_217' title='bbox 1218 3389 1295 3434; x_wconf 86' lang='lat' dir='ltr'><strong>suos</strong></span> 
     </span>
     <span class='ocr_line' id='line_1_27' title="bbox 124 3483 1293 3578; baseline 0.003 -28"><span class='ocrx_word' id='word_1_218' title='bbox 124 3483 298 3572; x_wconf 88' lang='lat' dir='ltr'><strong>descripsit,</strong></span> <span class='ocrx_word' id='word_1_219' title='bbox 334 3485 442 3552; x_wconf 89' lang='lat' dir='ltr'><strong>eodem</strong></span> <span class='ocrx_word' id='word_1_220' title='bbox 474 3486 568 3552; x_wconf 92' lang='lat' dir='ltr'><strong>modo</strong></span> <span class='ocrx_word' id='word_1_221' title='bbox 597 3510 634 3553; x_wconf 88' lang='lat' dir='ltr'><strong>ac</strong></span> <span class='ocrx_word' id='word_1_222' title='bbox 663 3499 769 3574; x_wconf 88' lang='lat' dir='ltr'><strong>postea</strong></span> <span class='ocrx_word' id='word_1_223' title='bbox 796 3489 869 3556; x_wconf 85' lang='lat' dir='ltr'><strong>fecit</strong></span> <span class='ocrx_word' id='word_1_224' title='bbox 892 3492 1077 3578; x_wconf 78' lang='lat' dir='ltr'><strong>Anonymus</strong></span> <span class='ocrx_word' id='word_1_225' title='bbox 1099 3493 1133 3556; x_wconf 90' lang='lat' dir='ltr'><strong>in</strong></span> <span class='ocrx_word' id='word_1_226' title='bbox 1156 3488 1293 3576; x_wconf 88' lang='lat' dir='ltr'><strong>pretioso</strong></span> 
     </span>
     <span class='ocr_line' id='line_1_28' title="bbox 124 3603 840 3696; baseline 0.008 -27"><span class='ocrx_word' id='word_1_227' title='bbox 124 3603 220 3685; x_wconf 89' lang='lat' dir='ltr'><strong>libro,</strong></span> <span class='ocrx_word' id='word_1_228' title='bbox 245 3605 418 3674; x_wconf 85' lang='lat' dir='ltr'><strong>Stadiasmo</strong></span> <span class='ocrx_word' id='word_1_229' title='bbox 440 3607 532 3671; x_wconf 85' lang='lat' dir='ltr'><strong>Maris</strong></span> <span class='ocrx_word' id='word_1_230' title='bbox 553 3608 659 3696; x_wconf 85' lang='lat' dir='ltr'><strong>Magni</strong></span> <span class='ocrx_word' id='word_1_231' title='bbox 680 3608 840 3696; x_wconf 85' lang='lat' dir='ltr'><strong>inscripto.</strong></span> 
     </span>
    </p>
   </div>
   <div class='ocr_carea' id='block_1_5' title="bbox 587 3795 816 3854">
    <p class='ocr_par' dir='ltr' id='par_1_6' title="bbox 587 3795 816 3854">
     <span class='ocr_line' id='line_1_29' title="bbox 587 3795 816 3854; baseline 0.013 -4"><span class='ocrx_word' id='word_1_232' title='bbox 587 3795 816 3854; x_wconf 86' lang='grc' dir='ltr'><strong>ΑΡΧΕΛΑΟΙ.</strong></span> 
     </span>
    </p>
   </div>
   <div class='ocr_carea' id='block_1_6' title="bbox 123 3961 1291 4412">
    <p class='ocr_par' dir='ltr' id='par_1_7' title="bbox 169 3961 1013 4058">
     <span class='ocr_line' id='line_1_30' title="bbox 169 3961 1013 4058; baseline 0.008 -29"><span class='ocrx_word' id='word_1_233' title='bbox 169 3966 199 4030; x_wconf 91' lang='grc'><strong>1.</strong></span> <span class='ocrx_word' id='word_1_234' title='bbox 222 3962 396 4031; x_wconf 85' lang='lat' dir='ltr'><strong>Archelaus</strong></span> <span class='ocrx_word' id='word_1_235' title='bbox 417 3961 580 4052; x_wconf 86' lang='lat' dir='ltr'><strong>physicus,</strong></span> <span class='ocrx_word' id='word_1_236' title='bbox 603 3967 812 4056; x_wconf 82' lang='lat' dir='ltr'><strong>Anaxagorae</strong></span> <span class='ocrx_word' id='word_1_237' title='bbox 833 3968 1013 4058; x_wconf 87' lang='lat' dir='ltr'><strong>discipulus.</strong></span> 
     </span>
    </p>

    <p class='ocr_par' dir='ltr' id='par_1_8' title="bbox 123 4084 1291 4412">
     <span class='ocr_line' id='line_1_31' title="bbox 170 4084 1290 4173; baseline 0.007 -24"><span class='ocrx_word' id='word_1_238' title='bbox 170 4085 374 4172; x_wconf 89' lang='lat' dir='ltr'><strong>Diogenes</strong></span> <span class='ocrx_word' id='word_1_239' title='bbox 398 4084 432 4148; x_wconf 90' lang='lat' dir='ltr'><strong>L.</strong></span> <span class='ocrx_word' id='word_1_240' title='bbox 454 4085 495 4148; x_wconf 91' lang='lat' dir='ltr'><strong>Il.</strong></span> <span class='ocrx_word' id='word_1_241' title='bbox 520 4085 573 4150; x_wconf 78' lang='lat'><strong>17.</strong></span> <span class='ocrx_word' id='word_1_242' title='bbox 596 4085 748 4165; x_wconf 69' lang='grc' dir='ltr'><em>Γεγόνασι</em></span> <span class='ocrx_word' id='word_1_243' title='bbox 772 4089 803 4154; x_wconf 77' lang='grc' dir='ltr'><strong>δὲ</strong></span> <span class='ocrx_word' id='word_1_244' title='bbox 828 4089 994 4156; x_wconf 68' lang='lat' dir='ltr'><strong>calciatos</strong></span> <span class='ocrx_word' id='word_1_245' title='bbox 1017 4098 1098 4173; x_wconf 81' lang='grc' dir='ltr'><em>τρεῖς</em></span> <span class='ocrx_word' id='word_1_246' title='bbox 1118 4089 1290 4173; x_wconf 69' lang='grc' dir='ltr'><em>Ἀρχέλαοι</em></span> 
     </span>
     <span class='ocr_line' id='line_1_32' title="bbox 124 4199 1291 4294; baseline 0.01 -29"><span class='ocrx_word' id='word_1_247' title='bbox 124 4202 138 4265; x_wconf 82' lang='grc' dir='ltr'><em>ὃ</em></span> <span class='ocrx_word' id='word_1_248' title='bbox 159 4199 365 4284; x_wconf 68' lang='grc' dir='ltr'><strong><em>χωρογράφος</em></strong></span> <span class='ocrx_word' id='word_1_249' title='bbox 387 4208 443 4276; x_wconf 77' lang='grc' dir='ltr'><strong>τῆς</strong></span> <span class='ocrx_word' id='word_1_250' title='bbox 467 4204 524 4269; x_wconf 79' lang='grc' dir='ltr'><strong>ὑπὸ</strong></span> <span class='ocrx_word' id='word_1_251' title='bbox 547 4205 752 4290; x_wconf 70' lang='grc' dir='ltr'><strong>Ἀλεξάνδρου</strong></span> <span class='ocrx_word' id='word_1_252' title='bbox 769 4211 958 4290; x_wconf 72' lang='grc' dir='ltr'><strong>πατηθείσης</strong></span> <span class='ocrx_word' id='word_1_253' title='bbox 978 4212 1291 4294; x_wconf 58' lang='lat' dir='ltr'><strong>purtentuosae</strong></span> 
     </span>
     <span class='ocr_line' id='line_1_33' title="bbox 123 4319 763 4412; baseline 0.014 -26"><span class='ocrx_word' id='word_1_254' title='bbox 123 4321 267 4395; x_wconf 78' lang='grc' dir='ltr'><em>τοιησας·</em></span> <span class='ocrx_word' id='word_1_255' title='bbox 292 4319 390 4396; x_wconf 74' lang='grc' dir='ltr'><em>ἄλλος</em></span> <span class='ocrx_word' id='word_1_256' title='bbox 414 4323 634 4409; x_wconf 69' lang='grc' dir='ltr'><strong>τεχνογράφος</strong></span> <span class='ocrx_word' id='word_1_257' title='bbox 659 4329 763 4412; x_wconf 78' lang='grc' dir='ltr'><em>ῥητωρ.</em></span> 
     </span>
    </p>
   </div>
   <div class='ocr_carea' id='block_1_7' title="bbox 0 0 1416 4540">
    <p class='ocr_par' dir='ltr' id='par_1_9' title="bbox 0 0 1416 4540">
     <span class='ocr_line' id='line_1_34' title="bbox 0 0 1416 4540; baseline 0 1"><span class='ocrx_word' id='word_1_258' title='bbox 0 0 1416 4540; x_wconf 95' lang='lat' dir='ltr'><strong> </strong></span> 
     </span>
    </p>
   </div>
  </div>
 </body>
</html>
