2848 4546
658 274 699 336 79

87 495 142 580 qui
174 495 372 582 intempore
399 503 522 561 tantum
545 495 734 581 peccabant,
762 495 855 561 modo
884 499 1043 564 scivissent
1065 501 1259 568 Demetrium

86 615 283 702 Magnetem,
315 637 379 679 non
411 637 488 679 vero
517 614 688 701 Diogenem
719 614 879 680 Laertium
910 615 996 682 hunc
1020 620 1258 688 Heraclidarum

85 733 268 822 catalogum
292 733 478 811 confecisse,
503 732 595 798 valde
619 734 722 798 mirati
746 746 863 814 essent,
888 736 943 822 qui
965 735 1033 802 fieri
1048 741 1201 824 potuerit,
1222 752 1258 806 ut

84 853 266 920 Athenaeus
289 878 319 941 p.
341 855 405 919 649
430 852 628 918 Heraclidem
651 853 767 919 diceret
789 857 1018 936 λεσχηνευτήν,
1049 858 1177 924 minime
1206 871 1256 925 ta-

84 998 159 1040 men
184 973 353 1052 indicaret,
377 970 459 1038 idem
479 995 558 1059 opus
573 971 706 1052 Λέσχνις
725 973 852 1038 inscribi
871 984 901 1038 et
915 975 1068 1056 πυρρίχας
1083 983 1256 1060 autmarus-

83 1093 153 1176 ρίννς
189 1093 266 1173 diei,
302 1094 485 1180 praesertim
523 1117 622 1180 quum
656 1093 835 1158 Athenaeus
871 1095 1020 1160 Demetrii
1057 1119 1152 1183 opere
1181 1121 1257 1164 usus

84 1215 156 1281 fuit.
221 1213 393 1279 Meinekius
426 1211 530 1303 (Anal.
560 1212 650 1278 Alex.
682 1237 712 1300 p.
745 1213 823 1302 381)
857 1224 1021 1300 postquam
1055 1220 1182 1306 egregie
1217 1218 1256 1284 rle

83 1334 287 1424 grammatici
309 1332 482 1398 Heraclidis
503 1331 648 1413 Λέσχνννς
669 1335 877 1421 grammatico
893 1358 1002 1421 opere,
1022 1338 1161 1402 versibus
1180 1361 1255 1402 con-

82 1456 221 1542 scripto,
241 1453 402 1530 disseruit,
424 1451 595 1531 intellexit,
616 1475 729 1538 parum
744 1465 887 1519 constare
905 1455 1038 1536 Λέσχννς
1052 1467 1083 1520 et
1096 1456 1254 1539 Φλννιρίνις

83 1574 169 1640 idern
193 1595 271 1660 opus
300 1596 366 1637 esse
396 1570 594 1650 habendum,
626 1581 673 1649 et,
705 1571 777 1638 licet
803 1573 934 1661 ignarus
968 1576 1104 1641 auctoris
1133 1575 1254 1642 catalo-

83 1717 202 1783 gorum
226 1695 257 1757 in
280 1693 420 1780 Diogene
443 1703 655 1771 servatorum,
681 1703 772 1758 caute
791 1695 924 1780 scripsit:
950 1707 1138 1782 „praeterea
1156 1669 1254 1761 Hera·

83 1813 174 1880 elidis
196 1813 331 1878 Leschae
355 1835 374 1878 a
396 1814 521 1878 nemine
546 1823 700 1899 quantum
724 1815 839 1880 scimus
862 1827 1167 1896 commemorantur,
1196 1817 1255 1882 nisi

83 1934 171 2020 quod
194 1935 348 2021 Diogenes
370 1934 512 1997 Laertius
535 1935 574 2001 V.
600 1935 641 1998 88
666 1933 747 1998 idem
771 1958 849 2020 opus
868 1925 925 1998 sub
944 1935 1071 1999 nornine
1095 1941 1252 2016 Φλνννρνῶν

82 2052 215 2117 laudare
238 2049 401 2138 putatur.”
426 2051 471 2117 Cf.
494 2051 684 2117 Artemidori
704 2052 764 2119 On.
785 2055 800 2117 Ι
823 2077 854 2139 p.
879 2053 943 2118 445
967 2053 1015 2119 ed.
1040 2054 1132 2120 Reiff.

131 2171 248 2250 ὄγδοος·
274 2171 376 2251 ἰατρὸς
402 2176 460 2235 τῶν
482 2171 545 2236 ἀπὸ
570 2169 707 2237 Ἱκεσίου.
763 2173 942 2238 Halucinati
972 2173 1140 2240 credebant
1167 2175 1252 2240 hunc

84 2290 285 2358 Heraclidam
309 2313 373 2354 esse
396 2289 531 2356 eundem
555 2315 650 2377 quem
674 2291 786 2358 Strabo
809 2315 840 2378 p.
865 2294 928 2380 645
954 2305 1120 2360 memorat:
1145 2297 1207 2377 »ἐκ
1226 2297 1252 2360 δ’

84 2413 230 2493 Ἐρυθρῶν
259 2412 328 2476 καθ’
349 2413 432 2490 ἡμᾶς
456 2411 660 2492 Ὴρννκλείδνς
681 2413 873 2494 Ἡροφίλειος
889 2412 1008 2494 ἰατρός,
1026 2416 1251 2494 σνσχνλννστὶνς

85 2529 295 2596 Ἀπολλωνίου
312 2535 365 2594 τοῦ
388 2529 487 2602 Μυός.
525 2531 632 2612 Quum
656 2531 806 2596 Demetrii
827 2533 979 2620 Magnetis
1001 2531 1057 2598 hos
1079 2555 1143 2598 esse
1168 2543 1251 2598 cata-

86 2651 174 2738 logos
197 2650 353 2715 nescirent
375 2657 407 2712 et
430 2647 572 2713 viderent
593 2651 749 2714 Hicesium
786 2649 838 2741 (cf.
869 2651 1033 2738 Sprengel.
1060 2651 1173 2717 Gesoh.
1196 2653 1253 2718 der

85 2773 179 2837 Arzn.
205 2772 230 2834 Ι.
263 2769 340 2854 603)
374 2768 599 2834 nobilissimum
632 2769 725 2835 fuisse
758 2770 1014 2849 Erasistrateum,
1045 2781 1162 2837 temere
1194 2795 1253 2859 pro

30 2871 34 2880 Ι
86 2893 148 2956 ἀπὸ
182 2889 310 2955 Ἱκεσίου
345 2887 539 2975 reponebant
571 2891 634 2954 cirri
669 2890 853 2972 Ἡροφίλνν,
884 2913 987 2976 neque
1018 2890 1251 2980 intelligebant,

86 3033 184 3097 quum
220 3007 409 3095 Herophilus
444 3009 666 3074 celeberrimae
700 3011 844 3074 Sectae
878 3008 1021 3076 conditor
1055 3023 1149 3090 esset,
1186 3014 1253 3078 eius

86 3142 251 3196 sectatores
282 3154 389 3195 omnes
419 3130 631 3213 Ἡροφνλείνυς
662 3129 740 3208 dici,
776 3141 808 3195 et
837 3131 861 3195 si
892 3130 971 3195 lorte
1001 3130 1070 3217 quis
1095 3132 1253 3200 diceretur

87 3254 148 3318 aaa
169 3251 336 3334 Ἡροφίλον
360 3275 444 3330 esse,
470 3251 594 3316 nonnisi
619 3251 714 3336 ipsius
733 3250 896 3336 Herophili
920 3249 1108 3337 discipulum
1131 3253 1174 3317 ita
1197 3275 1252 3318 vo·

86 3373 149 3438 cari
171 3395 279 3458 posse,·
303 3395 415 3436 verum
438 3373 597 3438 nemesio
620 3371 809 3458 loquebatur
832 3380 863 3436 et
885 3372 988 3449 Zen0,
1020 3380 1055 3436 ut
1079 3370 1138 3436 hoc
1161 3381 1252 3450 utar,

86 3489 244 3578 Herophili
267 3491 456 3578 discipulus,
480 3492 561 3556 sicut
586 3491 697 3570 ceteri,
723 3490 885 3556 dicebatur
907 3489 1111 3574 Ἡροφίλειος.
1159 3491 1249 3556 Hice-

87 3611 146 3675 sius
180 3610 359 3697 complures
393 3633 492 3676 annos
530 3621 602 3676 ante
639 3610 823 3677 Strabonem
868 3621 977 3676 natum
1019 3622 1163 3678 mortuus
1204 3618 1251 3675 est

90 3728 212 3818 (Strabo
241 3753 271 3816 p.
297 3729 374 3817 580)
404 3742 436 3795 et
465 3729 544 3795 forte
574 3754 614 3796 ne
641 3731 707 3795 eius
730 3730 899 3818 discipulus
922 3730 1049 3817 quidem
1069 3715 1258 3818 Geographi

86 3848 245 3914 infantiam
270 3850 417 3937 attigerit.

528 4039 801 4097 HPAKAEITOI.

126 4209 329 4299 Diogenes
352 4211 385 4275 L.
410 4213 465 4278 lx.
492 4213 544 4281 17.
590 4212 744 4292 Γεγόνασι
769 4213 795 4278 δ’
817 4211 1012 4294 Ἡράκλειτον
1037 4212 1143 4278 πέντε·
1168 4213 1249 4290 πρῶ-

89 4355 134 4402 τος
160 4331 253 4404 αὐτὸς
280 4326 377 4404 οὗτος·
409 4333 560 4416 δεύτερος,
588 4333 715 4410 ποιητὴς
750 4333 885 4415 λυρικός,
917 4329 951 4400 ori
984 4334 1050 4398 ἐστι
1074 4333 1133 4396 τῶν
1154 4330 1189 4420 (l.
1212 4331 1247 4394 ri

1346 4419 1410 4498 A
