2848 4546
661 295 702 358 89

99 501 212 587 maior
226 516 415 610 (Athenaeus
437 541 468 604 p.
493 516 568 581 346.
596 515 715 583 Plinius
736 519 774 582 N.
798 521 838 583 H.
861 521 989 589 XXXV.
1015 526 1045 586 3.
1070 522 1100 590 5.
1125 524 1263 610 Wester-

98 661 208 706 maun.
232 639 265 704 in
287 637 389 702 Paulii
400 635 489 703 Thes.
507 658 536 703 ν.
554 635 718 703 Cleanthes
733 661 771 724 p.
796 639 888 729 433).

145 762 177 824 2.
206 758 370 825 Cleanthes
395 758 595 835 Tarentinus,
626 766 736 842 poeta,
767 769 963 825 memoratur
989 759 1073 847 apud
1095 762 1208 828 Athen.
1233 768 1263 830 1.

99 903 132 966 p.
168 881 240 943 4a
274 876 425 943 Clearcho
463 875 583 941 Solensi
626 876 844 962 peripatetico,
890 877 1064 944 Aristotelis
1101 878 1262 971 discipulo.

101 998 284 1089 (MulierF.
307 999 355 1060 H.
369 996 425 1063 Gr.
448 997 490 1061 11.
515 997 605 1084 302).

144 1117 328 1184 Laudatur
320 1116 477 1182 interdum
493 1116 683 1193 Κλεάνθης’
667 1142 698 1182 εν
710 1118 877 1192 Μνθικνῖςς
896 1139 1008 1184 verum
1027 1118 1144 1207 ubique
1163 1121 1263 1209 magis

97 1237 227 1327 vulgari
245 1235 403 1312 Κλεάνθης
423 1234 673 1302 substituendum
690 1245 736 1301 est
751 1236 856 1301 minus
872 1237 981 1303 tritum
997 1237 1153 1318 Νεάνθης,
1166 1249 1203 1304 ut
1213 1263 1262 1306 os·

97 1357 198 1425 tendit
212 1357 365 1423 Mullerus
382 1358 415 1422 F.
429 1358 468 1423 H.
487 1356 544 1421 Gr.
556 1357 612 1420 111.
625 1378 656 1443 p.
672 1357 690 1421 2
703 1379 787 1442 seqq.
805 1356 836 1421 in
856 1356 1004 1422 Neanthis
1020 1357 1164 1444 Cyziceni
1176 1357 1262 1448 trag-

98 1477 222 1544 mentis.
266 1477 394 1545 Vossius
405 1479 444 1544 11.
456 1476 513 1543 Gr.
526 1499 557 1562 p.
573 1475 635 1540 135
651 1477 706 1540 W.
719 1475 802 1541 male
814 1475 852 1540 de
864 1475 1013 1541 Cleanthe
1024 1475 1076 1541 hic
1088 1477 1261 1566 cogitabat,

97 1596 181 1664 idem
204 1607 310 1662 tamen
329 1597 362 1662 in
385 1596 453 1663 aliis
476 1596 552 1662 locis
575 1605 660 1662 43043
683 1594 759 1660 vidit
776 1594 916 1671 Νεάνθης
940 1619 1005 1662 esse
1024 1595 1263 1664 restituendum.

142 1715 276 1781 Bahrius
308 1715 341 1780 in
375 1715 476 1781 Paulii
510 1714 600 1780 Thes.
634 1738 698 1781 non
732 1715 799 1780 sine
820 1714 944 1798 άκρισίηι
975 1717 1110 1782 scribere
1137 1717 1262 1797 solitus,

95 1844 222 1924 praeter
245 1833 425 1900 Cleanthem
449 1835 589 1900 Stoicum
612 1834 690 1900 duos
709 1843 834 1899 tantum
853 1835 958 1915 affert,
983 1837 1038 1922 qui
1057 1846 1161 1902 tamen
1180 1859 1263 1902 nun-

97 1977 195 2042 qnam
219 1954 414 2020 exstiterunt.
448 1955 570 2018 Etenim
594 1952 757 2018 Cleanthes
779 1955 943 2034 Ponticus,
968 1977 1062 2040 quem
1084 1956 1264 2044 Menagium

97 2073 183 2141 male
217 2084 340 2140 secutus
374 2096 413 2138 ex
446 2073 586 2161 Diogene
615 2073 727 2139 LIX.
761 2071 812 2136 15.
847 2072 954 2150 affert,
990 2095 1155 2159 nunquam
1189 2074 1262 2155 fuit,

96 2215 202 2279 neque
224 2192 388 2259 Cleanthes
410 2193 533 2257 Samius
555 2191 709 2272 medicus,
734 2214 753 2256 3
775 2190 932 2258 Palmerio
949 2215 989 2257 ex
1007 2192 1168 2259 Plutarchi
1183 2193 1264 2260 libro

95 2313 137 2380 de
166 2313 246 2379 facie
274 2313 307 2379 iu
337 2312 412 2378 orbe
434 2311 529 2377 lunae
552 2335 582 2398 p.
609 2313 673 2378 923
695 2310 883 2398 productus3
919 2312 982 2378 iam
1015 2312 1193 2380 Fabricium
1225 2315 1261 2378 B.

95 2433 153 2500 Gr.
176 2435 217 2498 Il.
242 2434 306 2498 398
333 2433 402 2522 (111.
427 2432 502 2496 544.
526 2429 627 2519 Harl.)
659 2440 743 2496 43043
766 2429 926 2496 Plutarchi
948 2431 1054 2497 locum
1077 2433 1260 2513 correxisse,

94 2553 202 2640 ibique
224 2553 263 2618 de
285 2552 376 2618 nullo
399 2551 461 2618 alio
484 2550 719 2642 uisiCleanthe
750 2552 853 2616 Stoico
885 2575 949 2617 esse
971 2575 1162 2631 sermonem,
1197 2553 1262 2640 ipse

94 2673 250 2762 Diogenes
272 2675 305 2736 L.
329 2673 415 2741 Vlll.
442 2673 515 2736 174.
539 2669 664 2757 probat,
696 2671 751 2756 qui
780 2671 861 2736 inter
891 2673 985 2736 Stoici
1007 2672 1122 2758 scripta
1143 2672 1261 2740 librum

96 2793 169 2874 τρθς
196 2792 403 2874 Ἀρίσταρχον
428 2801 602 2856 enumerat.
621 2851 628 2865 ,
647 2789 811 2856 Cleanthes
843 2791 990 2856 Ponticus
1022 2802 1115 2858 natus
1147 2804 1192 2859 est
1221 2815 1278 2886 ex*

95 2910 285 2999 interpolato
309 2911 394 2976 loco:
420 2909 503 2998 apud
532 2911 622 2999 Diog.
653 2913 686 2979 L.
710 2913 766 2976 lX.
793 2910 833 2975 15
863 2911 902 2990 ii,
938 2911 994 2997 qui
1027 2911 1176 2978 Heracliti
1204 2917 1259 2978 τοῦ

95 3035 250 3097 σκοτεινοῦ
277 3029 394 3096 librum
418 3053 604 3116 exposuere,
639 3029 714 3095 olim
737 3029 921 3095 dicebantur
942 3029 1035 3096 fuisse
1065 3029 1258 3106 Ἀντισθένης

96 3152 149 3217 acl
173 3150 376 3233 Ἡρακλείδης
395 3151 409 3214 ὁ
425 3151 570 3222 Ποντικὸς
594 3147 751 3224 Κλεάνθης
777 3150 845 3214 τεά
871 3150 1017 3223 Ποντικὸς
1039 3148 1092 3214 sal
1118 3155 1259 3232 Σφαῖρος

95 3271 109 3334 ὃ
139 3271 283 3346 στωικός,
317 3294 403 3337 nunc
437 3293 513 3336 vero
545 3269 588 3334 ibi
611 3278 734 3334 tautum
769 3269 898 3356 legitur,
933 3269 1035 3335 verbis
1065 3270 1079 3332 ὃ
1112 3271 1258 3344 Ποντικὸς

94 3390 237 3470 abiectis,
262 3391 419 3467 Κλεάνθης
440 3413 476 3455 τε
501 3389 552 3454 sui
579 3393 719 3470 Σφσιῖρσς
748 3389 762 3453 o‘
785 3387 923 3460 στωικός.
970 3387 1007 3454 Id
1036 3399 1121 3456 43040
1150 3414 1182 3456 se
1203 3391 1259 3456 ha·

94 3511 169 3576 bere
191 3522 223 3577 et
246 3535 347 3578 uuum
370 3509 551 3576 Cleanthem
575 3509 731 3584 stoicum.
763 3510 818 3596 qui
847 3507 995 3574 Heracliti
1024 3508 1141 3576 librum
1164 3534 1259 3597 expo·

94 3632 205 3711 suerit,
230 3654 249 3696 a
271 3633 411 3720 Diogene
434 3630 616 3720 significari,
641 3629 722 3694 idern
745 3628 952 3707 demonstrat,
976 3629 1009 3694 in
1031 3628 1141 3697 eodem
1164 3629 1260 3695 libro·

95 3775 168 3816 rum
191 3751 349 3839 catalogo,
373 3773 452 3838 quos
474 3748 637 3817 Cleanthes
661 3748 783 3814 Stoicus
806 3747 993 3835 reliquerat,
1025 3748 1178 3835 praebens
1206 3749 1259 3828 βι-

94 3870 177 3950 βλίσι
198 3875 324 3935 -τῶν
349 3873 403 3953 ‘pH
406 3871 551 3936 νιιιλείτον
578 3869 742 3946 ἐξηγήσεις
766 3869 917 3949 τέσσσιριι.

552 4056 793 4116 ΚΡΑΤΗΤΕΣ.

137 4233 339 4322 Diogenes
362 4232 395 4294 L.
418 4232 472 4299 IV.
499 4233 550 4296 23.
576 4228 750 4309 Τεγθννισι
776 4229 808 4294 δὲ
834 4227 993 4310 Κράτητες
1023 4227 1110 4294 Diua·
1141 4231 1256 4309 apricos

93 4353 183 4427 ὁτῆς
217 4352 358 4434 άρχνιίνις
389 4351 549 4434 neophitae
585 4351 725 4428 νινιητιὶς·
761 4349 898 4432 δεύτερος
932 4350 1025 4431 ῥθτνιρ
1060 4346 1257 4429 Τράλλινινὸς
