2848 4546
665 282 706 347 65

85 508 258 587 ε’πεδθμει,
291 507 463 589 audivisse;
496 506 631 593 denique
660 505 760 572 duum
792 508 981 595 Hermippus
1010 507 1180 576 tradiderat
1203 512 1262 576 De·

86 607 306 706 mosthenem,
331 626 454 693 deserto
478 625 627 706 Platone,
650 626 863 692 Callistratum
884 637 1035 695 sectatum
1057 652 1138 709 esse,
1163 631 1263 695 maxi·

85 771 220 834 mopere
234 746 274 813 ab
293 770 330 812 eo
348 747 506 832 discrepat
517 746 707 824 Demetrius,
719 768 792 811 nam
813 745 903 824 dicit,
923 757 990 812 tum
1006 746 1149 826 demum,
1163 772 1263 834 quum

83 867 285 934 Callistratus
318 866 422 933 solum
454 867 594 931 vertisset
626 875 658 930 et
691 865 912 932 Demosthenes
946 865 1126 932 adolescens
1162 868 1262 934 factus

84 967 184 1068 esset,
209 987 296 1052 hunc
318 985 357 1052 ad
379 988 568 1063 Isocratem,
594 984 756 1051 Platonem
791 985 842 1075 (cf.
867 986 982 1051 Illuller
1004 987 1036 1052 F.
1060 989 1098 1054 H.
1123 988 1180 1055 Gr.
1205 989 1262 1056 lll.

89 1107 171 1197 117)
204 1109 393 1193 Isaeumque
423 1129 455 1171 se
485 1107 684 1173 convertisse.
732 1103 817 1171 Haec
840 1106 952 1172 melius
975 1105 1165 1192 procedunt;
1198 1110 1263 1173 De·-

85 1227 268 1294 mostheues
300 1249 381 1313 puer
414 1248 479 1290 uno
514 1225 653 1290 alterove
684 1247 768 1290 anno
798 1235 871 1290 ante
901 1226 966 1291 366
994 1224 1147 1291 audiverit
1169 1226 1263 1292 Calli-

84 1356 240 1426 stratum,
264 1368 359 1432 quem
382 1368 421 1411 ex
444 1344 602 1410 veteribus
625 1345 819 1423 oratoribus,
846 1354 881 1408 ut
904 1346 1083 1430 superstites
1106 1347 1262 1412 orationes

86 1466 324 1544 demonstrant,
349 1464 481 1552 plurimi
503 1462 703 1543 aestimabat,
738 1477 769 1529 et
798 1463 993 1530 Callistratus
1022 1464 1108 1530 haud
1137 1467 1181 1530 ita
1211 1466 1266 1530 diu

87 1596 161 1674 post
191 1587 255 1652 366
285 1587 319 1651 in
349 1585 493 1651 exsilium
523 1584 644 1650 abierit.
676 1583 716 1648 cf.
746 1584 860 1663 Grote,
893 1585 970 1650 Hist.
998 1585 1041 1652 of.
1065 1586 1185 1650 Greece
1207 1588 1263 1652 Xl.

89 1731 122 1794 p.
149 1705 212 1771 266
237 1704 286 1770 ed.
309 1707 461 1784 Ameria,
487 1705 632 1791 quirem
655 1715 780 1782 narrat,
807 1728 871 1770 non
893 1704 1052 1771 diiudicat.

135 1825 312 1904 Ἐμπαίδου
342 1863 387 1876 -
418 1823 567 1906 ἀροραίςο.
602 1825 795 1902 Demetrius,
827 1824 886 1888 nisi
909 1823 1002 1889 huius
1037 1826 1121 1889 vitae*
1152 1837 1266 1891 auctor

90 1945 172 2010 haec
205 1943 333 2009 aliunde
367 1944 505 2030 petierit,
541 1954 573 2008 et
602 1941 653 2007 hie
684 1953 720 2007 ut
749 1943 781 2008 iu
813 1943 969 2021 Ἡγησίας
1001 1966 1060 2029 pro
1090 1946 1265 2026 Δημθτριος

89 2064 247 2152 peccarit,
280 2062 363 2129 male
385 2063 562 2142 Ἐμπαίδου
585 2084 644 2148 pro
668 2062 906 2144 Καλλικράτους
937 2064 1075 2150 scripsit,
1108 2075 1266 2130 oratorem

93 2181 292 2249 confundens
315 2204 389 2247 cnm
412 2182 589 2268 antiquiore
611 2181 800 2276 Callistrato.

139 2305 169 2368 2.
194 2300 298 2367 Plut.
321 2302 423 2366 Dem.
448 2323 475 2366 c.
502 2300 553 2366 15.
590 2301 801 2390 (Δημοσθένης
831 2302 1019 2381 ἠγωνίσατο)
1041 2303 1094 2366 τὸν
1112 2303 1180 2384 περί
1206 2308 1265 2368 τῶν

89 2424 242 2488 ἀτελειῶν
267 2420 317 2485 aaa
346 2421 399 2485 τὸν
429 2421 566 2502 Χαβρίου
591 2422 693 2488 παῖδα
724 2423 925 2498 liuticiorum,
959 2420 996 2495 θς
1022 2428 1119 2504 φησιν
1149 2421 1265 2496 αθτθς,

89 2543 129 2615 ὡς
154 2543 180 2608 θ’
196 2539 265 2606 ἔνιοι
290 2539 419 2619 λέγουσι
442 2541 498 2615 την
521 2541 643 2622 μητέρα
667 2545 721 2606 τοῦ
747 2540 905 2606 νεανίσκου
931 2543 1100 2620 μνώμενος.
1137 2544 1183 2606 Oi
1205 2544 1267 2620 μην
1365 2519 1373 2585 '.

90 2659 194 2740 ἔγημε
229 2659 365 2736 ταύτην,
401 2659 491 2724 ἀλλά
524 2659 638 2744 Σαμία
664 2660 723 2725 τινί
756 2659 943 2743 συνῴκησεν,
981 2664 1019 2734 oie
1058 2664 1175 2742 ἱστορεῖ
1202 2669 1268 2736 Δη-

91 2782 218 2861 μήτριος
242 2779 256 2844 θ
280 2777 418 2858 Μάρνης
445 2780 476 2843 ἕν
505 2787 570 2851 τοῖς
596 2782 665 2861 περὶ
692 2780 874 2860 συνωνύμων
900 2781 1154 2869 (1.6μυνθμιιν).
1186 2780 1268 2847 Vide

92 2921 204 2987 supra,
229 2921 260 2984 p.
287 2899 340 2964 13.
777 2895 779 2900 ’

136 3019 168 3085 3.
194 3017 296 3084 Plut.
321 3020 410 3086 Dem.
440 3043 467 3086 u.
495 3021 548 3086 27.
577 3021 630 3102 ἐφ’
654 3017 697 3094 οἷς
727 3020 828 3097 ἡσθείς
854 3022 948 3087 ὁτῶν
974 3021 1141 3097 Ἀθηναίων
1171 3025 1266 3103 δῆμος

91 3137 268 3220 ψηφίζεται
287 3140 330 3220 τῷ
351 3139 540 3218 Δημοσθένει
568 3140 702 3207 κάθοδον.
742 3142 787 3207 Τὸ
803 3143 860 3221 μὲν
877 3137 926 3207 οὖν
941 3144 1100 3226 ψήφισμα
1116 3145 1231 3222 napea
1252 3145 1265 3208 ὁ

90 3257 277 3333 Παιανιεύς,
300 3259 428 3339 ἀνεψιὸς
453 3259 491 3324 ὢν
512 3260 739 3339 Δημοσθένους,
763 3263 954 3341 εἰσήνεγκεν·
971 3263 1118 3345 ἐπέμφθη
1136 3264 1166 3327 δὲ
1182 3265 1265 3344 τριη’«

90 3401 142 3457 ρης
168 3379 218 3442 ἐπ’
244 3377 337 3442 αὐτὸν
353 3380 396 3450 είς
418 3378 563 3457 Αἴγιναν.
589 3382 647 3444 Ἐκ
668 3381 699 3445 δέ
717 3387 864 3462 Πειραιῶς
881 3381 1045 3460 ἀνέβαινεν
1061 3381 1131 3446 οὔτε
1151 3381 1265 3464 ἀρχου-

90 3521 143 3569 τος
174 3496 244 3563 οὔτε
275 3497 374 3578 ἱερέως
406 3499 665 3581 ἀπολειφθέντος,
703 3500 793 3565 ἀλλά
825 3501 878 3565 καί
910 3507 969 3565 τῶν
997 3499 1266 3566 uitiatur-auarum

91 3620 166 3697 ὁμοῦ
204 3616 329 3683 πάντιιν
362 3618 571 3684 ἀπαντώντων
605 3621 657 3685 καί
693 3620 867 3701 δεχομένων
898 3620 1068 3700 προθύμοις.
1100 3620 1181 3685 Ὅτε
1210 3619 1266 3684 καί

90 3743 187 3820 φησιν
211 3738 305 3802 αὐτὸν
330 3739 343 3803 ὃ
367 3736 505 3816 Μάγνης
527 3741 719 3821 Δημήτριος,
746 3738 958 3805 ἀνατείναντα
981 3738 1040 3818 τάς
1065 3748 1176 3821 χεῖρας
1200 3763 1265 3818 μα-

92 3856 217 3939 καρίσαι
255 3863 311 3932 τῆς
350 3858 468 3939 ἡμέρας
512 3857 628 3935 ε’κείνης
667 3859 775 3934 αθτθν,
815 3861 853 3932 oie
893 3859 1020 3937 βέλτιον
1058 3857 1263 3938 Ἀλκιβιάδου

92 3976 254 4042 κατιθντα·
281 3978 506 4057 πεπεισμένους
532 3980 594 4060 νάρ
618 3983 649 4045 οὐ
671 3981 904 4060 βεβιασμένους
927 3982 979 4046 ὑπ’
1000 3982 1095 4045 αὐτοῦ
1117 3981 1263 4060 δέχεσθαι

94 4097 165 4168 τοὺς
190 4097 336 4172 πολίτας.

137 4215 301 4283 Gliutonus
315 4218 348 4282 F.
361 4219 399 4284 H.
424 4240 453 4284 a.
471 4220 536 4282 323
561 4239 660 4283 unum
684 4219 783 4284 alium
807 4218 913 4284 locum
937 4219 1046 4293 affert,
1074 4213 1184 4298 (Plut.)
1209 4214 1262 4276 vit.

95 4338 133 4401 X.
156 4357 203 4402 or.
224 4358 255 4422 p.
282 4336 345 4400 846
370 4334 400 4400 d.
423 4335 478 4402 ubi
497 4335 603 4404 itidem
622 4339 742 4404 Demou
763 4347 967 4404 memoratur.
1003 4337 1267 4400 Westermannus

1068 4457 1086 4502 5
1117 4489 1119 4492 .
