2848 4546
704 272 746 337 86

143 524 288 581 currere,
312 519 422 566 sanum
445 497 551 564 locum
576 495 811 583 pessumdabat,
835 504 867 560 et
888 494 988 576 idem,
1020 496 1046 562 si
1069 494 1145 583 quid
1164 498 1211 562 rei
1232 508 1317 564 esset

143 626 298 701 novisset,
322 641 487 706 nunquam
510 617 696 704 scripsisset:
722 627 779 698 „at
801 638 874 682 cum
897 617 949 682 vix
973 615 1100 682 credere
1119 616 1213 684 liceat
1231 618 1316 684 eele-

144 745 317 810 berrimum
352 741 535 806 histrionem
573 737 606 827 (i.
630 761 657 803 e.
686 736 886 802 Theodorum
919 736 1101 804 histrionem
1137 739 1316 826 tragicum,
1417 740 1418 818 f

145 861 346 930 Demostheni
368 860 486 925 oratori
508 856 686 946 aequalem)
713 880 731 922 a
754 857 893 945 Diogene
916 856 1010 923 fuisse
1039 859 1317 945 praetermissum,

146 983 414 1068 haudquaquam
438 977 644 1066 improbabile
667 987 713 1043 est
732 999 791 1062 pro
810 979 937 1052 ποιητὴς
962 977 1046 1065 apud
1069 978 1155 1045 hunc
1177 977 1318 1043 scriben-
1418 1067 1419 1072 γ

146 1104 223 1170 dum
247 1125 312 1169 esse
335 1096 532 1181 ὑποκριτής.”
579 1097 684 1180 Quam
708 1097 922 1161 coniecturam
945 1117 1010 1162 non
1033 1096 1137 1163 solum
1160 1117 1318 1184 perquam

146 1221 387 1310 improbabilem
421 1218 474 1284 sed
508 1227 540 1283 et
572 1216 730 1282 infelicem
764 1239 845 1295 esse,
880 1218 1038 1282 neminem
1072 1237 1158 1282 nunc
1188 1216 1320 1304 quidem
1419 1246 1420 1284 ι

147 1344 238 1423 latet3
262 1339 526 1430 Wyttenbachius
550 1337 601 1426 (ad
624 1336 746 1405 Morall.
770 1359 802 1423 p.
829 1335 901 1425 18),
924 1359 945 1439 a
966 1337 1120 1403 lleinekio
1137 1336 1188 1403 hic
1208 1335 1320 1403 lauda·

148 1473 215 1542 tus,
250 1472 335 1529 recte
364 1460 458 1539 vidit,
489 1480 509 1523 a
547 1455 710 1522 Theodoro
740 1456 890 1522 histrione
929 1457 1025 1546 longe
1059 1457 1217 1523 diversum
1253 1479 1323 1524 esse
1420 1498 1421 1558 3

149 1592 274 1671 poetam
297 1581 474 1669 tragicum,
501 1576 586 1664 quod
609 1598 720 1642 verum
740 1588 777 1643 ut
795 1578 960 1664 probaret,
984 1579 1103 1665 optimo
1130 1587 1324 1667 argumento

149 1702 311 1790 neglecto,
337 1700 398 1765 alio
421 1699 584 1764 falsissimo
603 1720 679 1763 usus
698 1698 775 1763 dixit
798 1699 927 1785 „ipsum
942 1721 1113 1764 numerum
1135 1698 1166 1764 id
1184 1698 1322 1785 probare

147 1819 231 1907 apud
263 1820 434 1906 Diogenem
457 1819 491 1884 L.
524 1818 579 1903 qui
610 1817 721 1904 viginti
744 1815 922 1883 Theodoros
949 1840 1138 1883 enumerans
1160 1818 1320 1907 tragicum
1421 1817 1422 1846 ¹

150 1950 343 2026 postremum
375 1937 527 2024 posuerit:
560 1934 814 2023 quandoquidem
845 1936 1000 2025 Diogenes
1033 1936 1098 2002 fere
1128 1937 1160 2001 in
1186 1959 1321 2002 enume-

150 2058 255 2125 randis
285 2057 483 2143 homonymis
514 2055 656 2122 ordinem
679 2056 788 2121 aetatis
810 2057 897 2142 sequi
927 2055 1038 2124 solet.'’
1087 2056 1203 2122 Ultima
1226 2055 1322 2135 haec,
1422 2127 1423 2146 ,

153 2199 234 2265 quae
245 2175 509 2264 Wyttenbachius
526 2173 708 2241 difficillime
727 2198 766 2240 ex
784 2175 1051 2262 homonymorum
1076 2175 1226 2263 catalogis
1248 2197 1323 2262 pro·

153 2296 272 2375 basset,
304 2294 396 2361 aliter
425 2317 458 2360 se
483 2293 599 2360 habere
622 2295 653 2359 in
686 2292 839 2360 adnotatis
862 2294 901 2360 ad
924 2294 1091 2360 Aeschines
1114 2293 1323 2374 ostendimus;

153 2436 265 2481 verum
287 2424 323 2479 ut
345 2411 409 2479 dies
431 2412 514 2478 diem
533 2412 641 2492 docet,
661 2423 768 2499 postea
780 2413 1057 2501 Wyttenhechius,
1072 2413 1210 2479 Panaetii
1226 2414 1324 2479 vitam

155 2555 322 2613 enarrans,
357 2533 485 2622 egregie
519 2533 704 2598 sententiam
739 2555 829 2600 suam
862 2532 901 2598 de
930 2543 1059 2599 auctore
1088 2533 1274 2613 ὁμωνύμων,
1307 2555 1326 2598 οι

154 2655 293 2742 Diogene
316 2661 529 2731 servatorum,
553 2662 741 2738 mutaverat.

201 2774 245 2838 Ut
262 2770 444 2837 testimoniis
462 2770 739 2858 aWyttenbachio
762 2771 900 2836 collectis
919 2770 957 2836 de
975 2769 1139 2836 Theodoro
1156 2771 1325 2853 histrione,

158 2891 215 2976 qui
233 2902 357 2975 poetam
372 2890 530 2977 tragicum
549 2889 643 2956 laude
659 2890 754 2979 longe
770 2892 941 2976 superavit,
961 2913 1062 2956 unum
1079 2891 1178 2957 obiter
1197 2890 1326 2973 addam,

158 3010 328 3075 Pausanias
350 3011 415 3074 eius
446 3010 753 3097 sepulcrumadhuc
782 3010 874 3090 vidit,
907 3022 938 3076 et
964 3012 1086 3098 scripsit
1109 3011 1142 3076 in
1170 3011 1278 3078 Atticis
1300 3035 1330 3078 c.

162 3128 223 3207 37,
260 3132 290 3195 3.
318 3127 387 3209 πρὶν
413 3129 478 3206 aa
505 3130 652 3209 διαβῆναι
679 3131 731 3195 τὸν
758 3130 918 3212 Κηφισόν,
949 3131 1099 3211 Θεοδώρου
1127 3129 1241 3218 μνῆμα
1263 3132 1330 3196 ἐστι

160 3246 335 3331 τραγῳδίαν
363 3248 602 3330 ὑποκριναμένου
625 3254 683 3314 τῶν
708 3249 778 3313 καθ’
803 3250 895 3314 αὑτὸν
918 3247 1060 3338 ἄριστα]

740 3496 765 3560 l.

651 3743 844 3799 ΙΠΠΑΣΟΙ.

210 3975 415 4063 Diogenes
439 3976 472 4041 L.
497 3975 583 4042 Vlll.
609 3976 662 4041 84.
709 3973 862 4054 Γεγόνασι
888 3976 914 4042 δ’
933 3976 1083 4042 Ἵππασοι
1104 3976 1170 4054 δύο,
1196 3972 1281 4052 οὗτος
1296 3999 1333 4046 τε

165 4093 217 4158 καὶ
241 4091 340 4174 ἕτερος
366 4094 538 4176 γεγραφὼς
561 4095 591 4158 ἕν
607 4094 701 4160 πέντε
719 4094 857 4174 βιβλίοις
877 4096 1031 4161 Λακώνων
1053 4097 1224 4164 πολιτείαν·
1249 4089 1284 4172 ἦν
1300 4099 1333 4164 δὲ

164 4212 216 4278 καὶ
241 4214 335 4287 αὐτὸς
360 4212 483 4281 aanor.

208 4327 305 4405 οὗτος.
334 4332 355 4401 i.
379 4357 406 4402 e.
438 4335 592 4423 Hippasus
618 4336 845 4427 Pythagoreus.
888 4339 1091 4430 Diogenes
1112 4340 1146 4405 L.
1166 4335 1187 4404 l.
1207 4337 1230 4406 1.
1252 4335 1334 4420 <pasl
