2848 4546
706 267 767 334 105

149 486 390 566 γρκμμκοικος,
423 489 546 554 Cratete
572 487 700 554 llallota
730 488 835 554 iunior
863 487 988 579 (Athen.
1013 491 1088 555 367.
1113 492 1264 577 Harpocr.
1291 513 1322 556 v.

148 605 345 694 Ὀμημδκι),
378 606 501 673 dicatur
528 608 612 673 circa
635 629 663 672 a.
691 609 754 674 104
778 631 806 673 a.
829 609 863 674 G.
886 607 1028 674 floruisse
1058 633 1146 675 nunc
1168 620 1319 696 apparet;

90 709 93 716 ⁴
149 745 249 810 quum
284 727 368 792 enim
405 725 571 791 Panaetius
607 728 648 792 70
683 727 749 792 fere
784 749 882 792 annos
915 738 1009 793 natus
1039 729 1122 794 circa
1156 732 1219 794 112
1244 752 1262 798 a
1286 731 1321 796 C.

150 843 326 933 (Wyttenh.
347 869 378 933 p.
399 846 466 935 49)
493 856 636 912 mortuus
655 847 766 925 fuerit,
791 847 885 914 huius
904 846 1075 933 discipulus
1093 848 1183 914 Plato
1202 850 1321 914 acse-

148 963 258 1030 leucus
288 964 397 1031 eadem
427 977 569 1052 tempora
592 967 767 1054 attigerint,
791 977 822 1032 et
844 967 1021 1035 Demetrius
1042 969 1186 1056 Magnes,
1212 977 1248 1032 ut
1270 968 1321 1034 ci-

147 1105 221 1148 cero
240 1093 375 1170 utroque
393 1108 459 1150 una
477 1085 615 1152 alterave
636 1095 736 1152 aetate
753 1086 874 1165 iunior,
899 1084 1054 1152 celebrem
1074 1087 1320 1174 grammaticum

148 1214 257 1270 testem
281 1202 319 1270 de
342 1227 456 1291 parum
480 1205 578 1270 nobili
600 1204 740 1270 Panaetii
763 1203 915 1291 discipulo
938 1205 1054 1290 optime
1077 1204 1261 1271 laudaverit.

191 1322 204 1386 ὁ
231 1330 287 1396 τῆς
321 1323 462 1405 οὶρχκίκς
496 1324 657 1406 κωμῳδίαις
690 1326 830 1400 ποιητής.
878 1323 1041 1392 Platonem
1075 1325 1257 1403 Comicum,
1293 1326 1321 1391 si

146 1453 280 1510 aetatem
298 1453 416 1530 spectes
436 1443 475 1508 ad
494 1443 635 1524 οὶοχκίκν
656 1443 816 1526 κωμῳδίκν
836 1444 1010 1531 pertinere,
1034 1444 1060 1509 si
1076 1444 1319 1510 novissimarum

145 1562 327 1628 fabularum
350 1575 555 1650 argumenta,
579 1563 619 1629 ad
643 1563 776 1629 mediam
802 1587 928 1650 quoque
950 1562 1035 1628 haud
1058 1564 1141 1629 male
1163 1562 1276 1628 deinde
1300 1587 1320 1630 a
1415 1609 1416 1650 3

145 1681 359 1771 grammaticis
380 1681 517 1748 relatum
540 1706 622 1763 esse,
652 1680 785 1748 ostendit
806 1682 940 1748 Cobetus
962 1681 1036 1747 Obs.
1063 1681 1102 1748 de
1125 1681 1206 1764 Plat,
1229 1683 1318 1752 Gom.

143 1825 175 1889 p.
201 1804 265 1866 114
287 1823 372 1889 seqq.

189 1921 280 1987 Plato
309 1921 444 2008 Cynicus
473 1932 505 1986 et
534 1921 624 1987 Plato
653 1922 798 1988 Comicus
827 1922 933 1988 iunior
959 1943 1125 2008 nunquam
1149 1921 1255 2003 fuere,
1280 1935 1319 1990 ut

143 2040 329 2108 iamdudum
349 2039 612 2107 animadversum.
637 2041 708 2107 vide
723 2042 944 2108 casaubonum
967 2041 1006 2108 ad
1029 2043 1201 2130 Diogenem
1220 2044 1317 2111 Latr-

145 2161 223 2226 tium
239 2163 295 2230 Vl.
319 2160 360 2225 26
382 2171 413 2225 et
432 2159 662 2225 Bernhardium
683 2160 723 2226 ad
740 2161 870 2226 Suidam
893 2185 920 2225 ν.
937 2160 1072 2226 [Iudaea
1085 2163 1125 2228 ll.
1139 2185 1175 2228 rr.
1194 2184 1225 2249 p.
1240 2165 1316 2230 297.

189 2280 246 2344 llic
272 2303 337 2346 nou
368 2280 478 2345 visitur
509 2279 599 2344 Plato
625 2280 796 2346 Sardianus
817 2283 1006 2368 Epicureus,
1030 2281 1171 2347 Ciceroni
1193 2305 1315 2371 aequa-

145 2398 198 2477 lis,
223 2421 360 2486 eumque
383 2422 496 2487 supra,
521 2423 552 2486 p.
577 2402 619 2466 20
643 2401 814 2489 attigimus.

576 2649 868 2708 ΠΡΩΤΑΓΟΡΑΙ.

192 2881 221 2941 1.
245 2879 435 2966 Protagoras
457 2879 623 2967 sophistes.

189 2998 392 3086 Diogenes
414 3000 448 3063 L.
471 3001 526 3065 IX.
551 3001 605 3067 56.
629 3001 742 3080 Γέγονε
768 3003 798 3067 δὲ
823 3002 876 3068 aul
899 3002 998 3077 ἄλλος
1023 3003 1249 3086 Πνιντοινόρκς,
1271 3009 1313 3080 εἰς

144 3116 176 3183 ὃν
195 3119 248 3184 aa>
267 3118 426 3201 Εὐφορίων
446 3120 615 3196 ἐπικήδειον
637 3119 772 3202 lyparus·
788 3123 840 3188 κκὶ
858 3123 958 3204 τρίτος
982 3124 1109 3196 στωικὸς
1125 3123 1311 3209 φιλόσοφος.
1415 3151 1416 3158 “

189 3238 283 3320 Quod
312 3238 352 3304 ad
379 3241 548 3316 ἐπικήδειον
579 3240 787 3327 Euphorionis
816 3243 1024 3310 Chalcidensis
1046 3245 1078 3308 in
1106 3245 1313 3334 Protagoram

143 3357 357 3446 astrologum,
380 3359 552 3424 Meinekius
575 3359 666 3424 Anal.
690 3360 780 3426 Alex.
800 3385 831 3448 p.
856 3364 897 3427 21
922 3373 954 3428 et
976 3385 1007 3448 p.
1033 3365 1093 3430 101
1121 3366 1313 3451 suspicatur,

144 3499 254 3542 versus
269 3476 495 3564 Euphorionis,
520 3501 599 3564 quos
618 3481 753 3546 servavit
772 3481 858 3550 Stob.
877 3481 960 3548 Flor.
980 3503 1083 3548 cxxiii
1099 3483 1175 3572 (imo
1189 3486 1312 3574 cxxiv.)
1335 3527 1339 3531 -

147 3599 204 3678 12,
229 3622 269 3664 ex
291 3597 351 3664 hoc
374 3597 512 3684 epicedio
533 3598 689 3666 derivatos
712 3623 785 3666 esse.

187 3717 302 3783 Muller
323 3720 357 3783 F.
369 3721 409 3785 H.
432 3718 489 3784 Gr.
514 3720 568 3787 lv.
593 3719 657 3784 485
682 3721 764 3786 inter
785 3722 950 3808 scriptores
973 3722 1241 3792 incertae-aetatis
1263 3749 1313 3792 re·

142 3859 272 3902 censens
298 3837 486 3904 Protarchos
511 3841 543 3905 in
566 3839 628 3906 fine
651 3840 742 3906 dicit:
767 3841 834 3924 „de
859 3841 1031 3908 Protarcho
1053 3844 1237 3932 geographo
1258 3846 1313 3933 qui

141 3955 338 4038 μεινμετρίκν
359 3964 415 4031 τῆς
435 3959 610 4036 οἰκουμένης
625 3959 711 4026 libris
723 3983 776 4026 sex
788 3963 977 4048 composuit,
999 3961 1310 4032 suodicemusloco'’

141 4077 162 4144 i.
175 4101 203 4144 e.
224 4087 260 4142 ut
278 4099 318 4144 ex
335 4078 528 4164 praefatione
547 4101 578 4165 p.
591 4102 616 4146 ιι
628 4078 668 4144 ad
680 4080 741 4148 vol.
755 4081 809 4148 lv.
821 4082 854 4148 F.
869 4083 905 4146 Η.
918 4081 975 4148 Gr.
989 4081 1101 4168 liquet,
1122 4085 1154 4148 in
1170 4084 1312 4172 Geogra-

141 4194 211 4284 phis
228 4196 410 4266 Minoribus.
444 4199 513 4264 Non
533 4209 619 4286 patet
637 4199 712 4287 quid
730 4200 899 4268 Mullorum
920 4203 1067 4283 moverit,
1092 4212 1129 4270 ut
1150 4214 1311 4272 auctorem

140 4315 336 4397 ysoarrplac
356 4324 412 4392 τῆς
435 4317 611 4398 οἰκουμένης
631 4331 757 4388 vocaret
775 4321 1000 4406 Protarchum3
1022 4323 1149 4392 Photius
1163 4322 1231 4394 cod.
1248 4325 1311 4390 188
