2822 4540
715 265 757 330 50

151 495 182 550 et
212 485 287 553 felix
316 497 363 554 est
389 487 515 555 lllulleri
535 489 568 553 F.
591 491 629 555 H.
653 489 710 557 Gr.
734 490 776 556 11.
803 492 832 556 1.
857 489 1006 576 suspicio,
1027 485 1320 575 pseudo-Cadmum

150 628 190 670 ex
213 607 310 674 Dione
331 609 541 675 Proconnesio
563 631 628 674 esse
647 608 828 675 conflatum.

196 726 331 810 δεύτερος
357 726 555 811 Συρκκδσσος·
596 729 623 794 Α
650 730 895 796 Westermanno
924 726 1036 794 Gesch.
1064 726 1120 794 der
1142 726 1267 792 Bereds
1292 729 1319 792 1.

149 848 165 930 ᾗ
184 849 258 913 781.
281 848 364 912 inter
386 849 563 936 incognitae
585 849 693 914 aetatis
716 848 854 914 refertur
876 859 908 913 et
930 849 1003 914 satis
1022 847 1171 934 antiquus
1193 846 1322 913 videtur

149 967 258 1046 fuisse,
282 967 410 1033 fortasse
430 990 513 1033 unus
524 969 629 1047 exiis,
649 990 729 1054 quos
748 968 923 1034 Demetrius
939 968 972 1032 in
990 966 1165 1033 Aristotelis
1183 969 1320 1049 ἐπιτομῇ

147 1093 206 1152 τῶν
229 1087 356 1170 ῥητόρων
380 1088 508 1152 invenit.

191 1207 339 1289 τὲτοορτος
371 1205 601 1288 Δημοκρίτειος.
644 1208 821 1273 Demetrius
854 1207 998 1274 brevitati
1032 1207 1159 1276 studens
1187 1226 1319 1293 operam

147 1326 253 1406 dabat,
280 1336 315 1391 ut
336 1326 439 1391 verbis
461 1326 653 1412 paucissimis
676 1349 937 1414 unumquemque
955 1328 1139 1414 scriptorem
1163 1325 1320 1392 describe·

147 1457 211 1526 ret;
238 1447 292 1511 ubi
315 1445 473 1510 interdum
497 1445 585 1524 talia,
611 1445 717 1530 qualia
739 1446 791 1511 hic
815 1447 966 1534 legimus,
991 1446 1125 1526 addidit,
1149 1445 1192 1510 ibi
1215 1467 1320 1532 agno-

149 1567 265 1631 scimus
276 1564 518 1652 polyhistorem,
536 1566 590 1651 qui
602 1577 748 1632 accurate
766 1567 891 1655 singula
907 1566 945 1631 de
956 1565 1088 1653 singulis
1106 1574 1322 1652 perscrutatus

148 1695 227 1751 erat.
261 1686 346 1750 Haec
368 1679 453 1756 οὗτος
478 1690 602 1766 πρῶτος,
619 1681 723 1760 εἷσεν,
750 1695 809 1753 cet.
827 1687 977 1750 evincunt
995 1685 1124 1750 Diouem
1144 1684 1319 1750 mathema-

146 1805 262 1883 ticum,
298 1815 335 1870 ut
365 1805 466 1870 civem
497 1805 540 1871 sic
571 1816 602 1871 et
625 1803 812 1892 discipulum
835 1806 1004 1871 Democriti
1026 1804 1203 1892 philosophi
1225 1803 1321 1869 fuisse

146 1947 283 2010 eumque
303 1934 403 1992 aetate
425 1926 622 1992 antecessisse
649 1924 898 2004 Timosthenem,
922 1926 975 1990 cui
998 1935 1201 1992 coaetaneum
1226 1924 1321 1990 fuisse

144 2046 318 2132 suspicatus
348 2056 394 2110 est
416 2046 553 2112 Ukertus
574 2045 692 2134 Geogr.
715 2047 757 2110 11.
784 2047 847 2111 182
871 2055 902 2110 et
924 2045 1000 2110 308.
1046 2044 1183 2110 Ukertus
1205 2044 1231 2107 Ι.
1254 2045 1315 2110 181

146 2187 232 2251 seqq.
262 2165 348 2231 lectu
370 2165 466 2254 digna
488 2166 617 2253 praebet
639 2166 678 2232 de
700 2164 823 2232 dierum
847 2164 1044 2254 longitudine
1066 2164 1169 2251 deque
1191 2164 1321 2230 diversis
1403 2193 1404 2250 q

144 2286 340 2352 Graecorum
375 2309 470 2373 super
502 2309 572 2352 eam
605 2308 673 2352 rem
697 2285 911 2372 opinionibus,
948 2284 1019 2351 vide
1051 2296 1082 2351 et
1111 2284 1319 2372 Forbigerum

145 2406 171 2469 1.
201 2428 232 2491 p.
257 2406 339 2483 202,
372 2407 455 2484 384,
488 2406 564 2471 548.
609 2405 684 2470 Illas
718 2406 849 2482 οἰκήσεις
886 2404 979 2470 fuisse
1013 2405 1045 2470 in
1079 2403 1183 2470 insula
1217 2403 1320 2470 Thule
1402 2461 1403 2468 ,

144 2524 279 2611 Pytheas
299 2523 493 2592 Massiliensis
515 2525 665 2591 narrabat
689 2525 821 2613 (Plinius
832 2528 869 2591 N.
883 2527 921 2594 H.
942 2528 984 2594 ll.
1005 2526 1079 2614 tt);
1104 2526 1167 2590 iam
1183 2523 1320 2612 Pytheas

147 2654 232 2710 certo
255 2666 359 2729 neque
381 2642 563 2711 Alexandro
585 2648 701 2735 Magno
723 2656 801 2711 natu
824 2647 928 2712 minor
950 2656 982 2711 et
998 2644 1198 2711 Timosthene
1218 2647 1320 2712 maior

148 2761 223 2827 fuit:
248 2785 326 2850 ergo
345 2763 439 2840 Bion,
463 2765 519 2849 qui
538 2766 659 2852 primus
678 2765 755 2832 haec
774 2765 909 2845 dixerat,
934 2766 1053 2852 Pythea
1071 2777 1103 2832 et
1121 2767 1320 2834 Timosthene
1401 2741 1402 2746 ἵ

147 2901 275 2966 quoque
304 2883 462 2971 antiquior
488 2907 526 2951 ac
553 2885 772 2967 Δημοκρίτειος
804 2886 825 2950 i.
849 2909 877 2954 e.
907 2887 1003 2972 ipsius
1033 2887 1202 2954 Democriti
1225 2886 1318 2953 audi-

146 3008 198 3064 tor
220 2999 289 3065 fuit.

193 3118 349 3199 τέμττοο.
386 3124 431 3188 De
452 3124 574 3212 coegit
595 3134 627 3190 et
648 3124 800 3190 Mulierus
822 3126 854 3190 in
878 3125 995 3214 Geogr.
1018 3127 1091 3192 Min.
1116 3128 1141 3192 Ι.
1161 3151 1191 3214 p.
1212 3151 1263 3194 cx.
1276 3126 1317 3194 id.

148 3238 181 3304 F.
195 3241 233 3302 Η.
255 3239 312 3305 Gr.
336 3242 390 3310 lV.
414 3243 489 3308 350.

196 3354 297 3431 ἕκτος·
312 3361 477 3441 ῥητορικός,
494 3357 528 3427 οὗ
542 3363 673 3445 Φέρετοκ
689 3364 775 3431 iuria
790 3365 909 3445 βοβκίκ
919 3371 1050 3432 Μουσῶν
1062 3368 1317 3450 ε’τογροοφόμοκοο·

152 3475 245 3557 Quod
268 3476 308 3542 ad
331 3478 457 3546 titulum
480 3488 625 3562 Μουσῶν,
639 3484 709 3550 vide
732 3485 876 3571 exempla
894 3487 1035 3555 aVossio
1054 3489 1092 3552 H.
1105 3487 1144 3552 G.
1163 3511 1194 3574 p.
1208 3489 1251 3554 39
1263 3490 1318 3554 W.

153 3594 297 3662 collecta.
343 3599 435 3680 Quod
469 3600 509 3666 ad
541 3602 712 3684 ῥητορικός,
749 3628 848 3691 quum
878 3628 943 3670 non
971 3605 1106 3674 alterum
1137 3607 1318 3694 exemplum

152 3714 238 3780 adest
259 3715 320 3782 hoc
342 3717 433 3784 titulo
455 3721 648 3788 Demetrium
665 3722 801 3809 aliquem
822 3724 1011 3813 designasse,
1036 3726 1213 3812 suspicandi
1231 3725 1320 3792 locus

151 3843 245 3913 esset,
269 3835 321 3901 hic
333 3836 419 3904 urbis
437 3862 552 3905 nomen
572 3852 627 3907 aut
645 3840 732 3909 aliud
751 3843 827 3930 quid
843 3843 958 3924 latere,
982 3846 1042 3912 nisi
1058 3847 1125 3932 ipse
1143 3847 1320 3912 Demetrius

151 3951 317 4018 lectionem
341 3958 491 4039 ῥητορικός
515 3961 631 4047 optime
653 3971 810 4043 tueretur,
835 3965 890 4050 qui
911 3965 944 4030 in
969 3964 1112 4054 catalogo
1134 3964 1319 4032 Heraclida·

153 4093 226 4138 rum
252 4074 417 4164 (Diogenes
439 4081 473 4144 L.
497 4082 535 4150 V.
560 4081 615 4170 94)
640 4084 822 4171 scripserat:
845 4085 985 4159 δέκατος·
1003 4084 1176 4161 ποιητικός,
1200 4095 1319 4168 Hapsu-

154 4190 250 4264 νέσεκς
282 4198 465 4279 γεγρκφώς.
514 4201 789 4283 Quemadmodum
823 4215 854 4272 et
886 4206 1062 4272 Demetrius
1091 4205 1159 4286 ille,
1191 4205 1230 4271 de
1258 4227 1320 4291 quo

152 4320 259 4378 noster
276 4314 398 4401 scripsit
419 4317 521 4409 (Diog.
541 4322 576 4389 L.
594 4325 632 4391 V.
654 4323 724 4413 832:
753 4326 929 4408 Δημήτριος
949 4326 1139 4407 καλούμενος
1163 4326 1318 4409 Γρκφτκὸσ
