2848 4546
740 271 779 335 62

219 497 334 562 Omnia
352 495 418 562 fere
436 517 518 582 quae
540 495 580 562 ad
600 496 814 561 Democritum
830 494 1005 581 pertinent,
1030 495 1138 560 multis
1159 495 1275 562 fabulis
1292 498 1343 563 in-

176 616 284 682 voluta
316 627 405 695 sunt,
441 639 541 703 eaque
563 618 623 695 sic,
647 625 684 682 ut
704 617 737 681 in
761 613 909 680 fabulosis
931 625 961 680 te
980 615 1098 680 versari
1116 616 1220 686 statim
1243 639 1345 706 agno-

176 757 259 815 scas;
288 759 352 823 quo
382 759 465 802 anno
492 746 584 802 natus
607 735 702 801 fuerit
723 757 836 822 parum
861 744 998 800 constat:
1028 744 1113 799 recte
1134 735 1287 802 Mullerus
1308 740 1344 805 F.

177 856 216 919 Η.
239 855 295 919 Gr.
318 857 359 922 II.
385 857 428 920 24
451 879 524 921 eum
547 867 593 921 αθ.
617 855 682 921 460
706 856 856 920 maiorem
879 854 972 920 fuisse
994 864 1085 942 putat
1107 855 1273 942 multaque
1295 857 1345 922 in-

176 973 259 1040 dieia
279 971 375 1053 esse,
410 974 493 1041 unde
528 974 695 1040 conficeres
728 997 801 1039 eum
833 974 917 1038 circa
948 997 977 1038 a.
1009 975 1076 1040 494
1105 975 1199 1041 fuisse
1222 986 1347 1042 natum.

177 1095 323 1161 Ceterum
353 1117 434 1181 quae
457 1094 497 1160 ad
519 1096 688 1160 Democriti
709 1095 821 1159 itinera
848 1095 1036 1180 pertinentia
1057 1096 1212 1182 Diogenes
1235 1097 1348 1162 sumsit

177 1237 218 1278 ex
246 1215 404 1279 Demetrio
433 1238 533 1301 eoque
564 1215 741 1301 antiquiore
767 1213 963 1292 Antisthene,
995 1235 1106 1279 earum
1129 1237 1238 1281 rerum
1265 1217 1347 1282 anti-

178 1334 344 1420 quissimus
378 1335 461 1400 testis
495 1345 540 1399 est
574 1333 820 1421 Theophrastus,
857 1357 952 1421 quem
986 1333 1094 1400 laudat
1122 1335 1274 1404 Aelianus
1306 1340 1346 1405 V.

178 1454 216 1518 H.
240 1454 294 1522 lv.
319 1455 371 1520 20.

223 1574 307 1639 δοκεῖ
332 1574 553 1656 καὶ-Ἀθήναζε
580 1575 690 1640 ἐλθεῖν.
737 1577 807 1640 Non
824 1584 940 1640 temere
967 1577 1132 1663 scripserat
1153 1577 1349 1656 Demetrius,

178 1691 278 1758 videri
307 1693 518 1758 Democritum
550 1693 688 1758 Athenas
720 1693 845 1773 adiisse,
878 1718 978 1780 quum
1008 1695 1146 1761 multum
1176 1697 1239 1761 iam
1271 1697 1349 1763 olim

178 1811 371 1877 dubitassent
389 1836 429 1878 an
449 1814 564 1900 scripta
583 1814 641 1878 sub
660 1815 726 1880 eius
742 1815 868 1879 nomine
881 1814 1065 1880 circumlata
1076 1817 1215 1904 genuina
1226 1826 1348 1896 essent,

178 1939 211 1996 et
232 1932 406 1997 Demetrius
429 1932 614 2012 Phalereus,
641 1943 769 1998 auctore
792 1934 931 2021 Diogene
953 1935 1078 1999 Laertio
1097 1936 1151 1999 lx.
1169 1937 1222 2014 37,
1248 1958 1350 2024 nega-

178 2049 232 2115 bat
260 2051 474 2116 Democritum
505 2053 622 2116 venisse
651 2052 798 2118 Athenas.
845 2052 990 2120 Valerius
1019 2055 1173 2119 Maximus
1203 2057 1234 2119 8.
1259 2058 1290 2120 7.
1315 2059 1349 2123 4.

179 2170 317 2256 scripsit:
363 2143 589 2252 „Democritus
618 2172 747 2236 Athenis
781 2173 906 2260 ignotus
935 2172 982 2238 illi
1022 2173 1094 2238 urbi
1120 2175 1214 2254 vixit,
1262 2176 1351 2262 quod

179 2290 244 2375 ipse
267 2290 300 2355 in
330 2289 467 2374 quodam
489 2290 650 2356 volumine
674 2291 836 2359 testatur.’'
873 2294 981 2360 Cicero
1000 2293 1126 2360 Tuscul.
1151 2295 1212 2376 Qu.
1232 2295 1271 2363 V.
1291 2295 1348 2362 36.

178 2409 261 2476 idem
300 2409 465 2491 volumen,
500 2411 585 2498 quod
615 2412 789 2478 Demetrius
817 2415 945 2502 Magnes
974 2425 1005 2480 et
1028 2414 1171 2484 Valerius
1192 2416 1350 2482 Maximus

178 2529 370 2622 significant,
395 2542 601 2618 cognoverat,
630 2533 723 2597 vertit
744 2532 827 2597 enirn
851 2532 891 2597 ad
913 2533 1044 2599 verbum
1067 2534 1205 2600 Graeca:
1241 2585 1260 2618 „
1275 2537 1349 2600 veni

177 2648 315 2714 Athenas
337 2672 440 2736 neque
463 2673 513 2715 me
536 2653 700 2738 quisquam
723 2652 765 2717 ibi
787 2652 907 2719 novit.”

227 2769 338 2856 Diog.
368 2771 402 2834 L.
430 2771 488 2834 IX.
515 2771 656 2837 39-40.
703 2771 794 2851 νθριου
820 2772 851 2837 δὲ
877 2772 960 2845 θντος
982 2773 1034 2838 τὸν
1054 2774 1267 2838 θναλθσαντα
1290 2775 1349 2849 τῆν

180 2885 327 2968 πατρῴαν
347 2886 452 2953 οὐσίαν
470 2889 515 2968 μῆ
538 2889 697 2966 ἀξιοῦσθαι
720 2897 827 2974 ταφῆς
844 2894 873 2956 ἕν
896 2903 934 2975 τῆ
954 2892 1099 2975 τατριῆι,
1123 2892 1219 2976 Φησὶν
1240 2895 1254 2958 ὃ
1273 2897 1350 2958 Ἀν-

180 3005 333 3082 τισθθνης,
358 3008 507 3082 συνέντα,
532 3010 576 3088 μῆ
604 3011 766 3084 ὑπεύθυνος
789 3012 928 3090 γενηθείη
950 3013 1024 3094 τρθς
1047 3037 1135 3078 τινων
1157 3013 1351 3096 Φθονοθντισν
1419 3075 1420 3108 ἦ

179 3123 232 3188 καὶ
257 3128 550 3209 συκοφαντούντων,
590 3131 766 3208 ἀναγνῶναι
790 3134 896 3205 αὐτοῖς
930 3133 981 3198 τὸν
1016 3133 1122 3212 μέγαν
1145 3132 1349 3214 Διθκοσμον,
1419 3203 1420 3218 ρ

179 3241 211 3317 ὃς
239 3244 386 3311 Audurus
416 3253 475 3312 τῶν
499 3252 593 3314 αὐτοῦ
618 3250 881 3332 συγγραμμάτων
904 3252 1030 3334 προέχει
1055 3253 1107 3318 καὶ
1132 3255 1351 3328 τεντακοσιόις

178 3363 346 3437 ταλάντοις
381 3368 558 3444 τιμηθῆναι·
588 3369 632 3446 μῆ
663 3367 752 3448 μθνον
782 3371 831 3449 δὲ,
860 3373 950 3437 θλλθν
981 3373 1033 3437 καὶ
1063 3383 1207 3454 χαλκαῖς
1237 3374 1351 3440 εἰκόσι.

178 3480 231 3544 καὶ
263 3485 488 3558 τελευτήσαντ’
519 3489 613 3553 αὐτὸν
646 3489 778 3573 δημοσία
809 3495 973 3568 ταφῆναι,
1010 3495 1159 3573 βιώσαντ’
1191 3495 1265 3576 ὑτὲρ
1305 3495 1353 3560 τὰ

178 3600 289 3666 ἑκατὸν
318 3600 383 3679 ἔτη.
421 3606 434 3670 t
463 3605 494 3670 δὲ
526 3608 700 3688 Δημῆτριος
729 3611 799 3682 τοὺς
828 3621 994 3690 συγγενεῖς
1022 3616 1117 3680 αὐτοῦ
1145 3619 1243 3696 φησιν
1266 3619 1353 3681 θνα-

178 3727 291 3801 γνῶναι
315 3725 367 3790 τὸν
395 3725 500 3804 μέγαν
529 3725 725 3806 Διθκοσριον,
758 3727 788 3794 ὃν
818 3729 907 3808 μόνον
931 3732 1041 3817 ἑκατὸν
1064 3733 1229 3801 ταλσθνταν
1252 3760 1352 3816 τιριη-

177 3841 275 3914 θῆναι.
312 3849 418 3909 ταῦτα
441 3846 471 3910 δὲ
495 3844 548 3910 καὶ
573 3847 757 3925 Ἱσττθβοτθς
780 3854 887 3932 φησιν.

221 3961 420 4029 historiolam
444 3964 482 4030 de
505 3967 570 4032 500
597 3967 733 4049 talentis,
770 3971 874 4035 aeneis
903 3973 1026 4054 statuis,
1059 3984 1116 4040 cet.
1146 3973 1356 4051 Antisthenes

177 4076 317 4146 hauserit
343 4105 383 4148 ex
411 4085 598 4174 Hermippo,
638 4087 692 4172 qui
724 4111 818 4175 super
847 4091 1013 4158 Democriti
1043 4103 1216 4160 extremam
1245 4095 1344 4162 vitam

176 4200 258 4264 mira
286 4199 412 4267 tradidit
431 4203 533 4293 (Diog.
556 4207 589 4274 L.
613 4209 668 4275 IX.
690 4207 758 4295 43).
792 4209 968 4276 Demetrius
988 4211 1040 4278 hie
1062 4235 1136 4278 cum
1158 4213 1328 4282 Antisthen

176 4336 241 4381 non
272 4317 362 4400 facit,
390 4345 493 4409 neque
515 4324 589 4392 alibi
611 4337 789 4394 constanter
811 4331 1017 4419 Hermippum
1040 4343 1165 4400 secutus
1187 4341 1233 4399 est
1257 4334 1368 4443 (vide,
