2848 4546
615 751 927 814 ΞΕΝΟΚΡΑΤΕΙΣ.

232 962 257 1030 Ι.
282 964 490 1036 Xenocrates,
514 955 729 1022 Academicus.

235 1083 439 1170 Diogenes
461 1081 495 1142 L.
511 1079 566 1148 lv.
588 1075 639 1140 15.
671 1073 824 1154 Γεγόνασι
851 1075 881 1138 δὲ
907 1073 959 1138 καὶ
984 1072 1076 1139 όιλλοι
1097 1069 1293 1156 Ξενοκροότεις
1313 1071 1363 1150 ἕξ·

189 1200 208 1269 ό
229 1228 265 1269 τε
288 1201 436 1273 τακτικός
451 1200 585 1280 όρχαῖος
602 1194 762 1279 σφόδρα“
784 1193 836 1260 καὶ
862 1193 1049 1273 όσνγγενης
1065 1191 1137 1273 όόμα
1153 1191 1205 1258 καὶ
1228 1191 1364 1267 πολίτης

190 1323 232 1404 τῷ
254 1318 455 1402 προειρημένῳ
479 1316 655 1402 φιλοσόφον
672 1315 803 1398 φέρεται
829 1315 856 1379 δ’
875 1315 971 1378 αὐτοῦ
996 1311 1090 1392 λόγος
1117 1311 1344 1396 Ἀρσινοητικός
1353 1361 1370 1385 ,.

190 1440 411 1522 γεγραμμένος
449 1437 516 1518 περὶ
549 1434 706 1518 Ἀρσινόης
738 1433 961 1509 όποόανοόσης.
987 1431 1155 1514 τέταρτος,
1185 1429 1364 1515 φιλόσοφος

191 1559 337 1639 ἐλεγείαν
371 1559 543 1641 γεγραφὼς
576 1558 630 1621 οὐκ
664 1556 833 1636 ἐπιτυχῶς.
872 1553 956 1642 (ἴδιον
990 1551 1034 1617 δέ·
1061 1550 1186 1627 ποιηταὶ
1212 1551 1270 1632 μὲν
1299 1553 1365 1632 γόιρ

191 1676 437 1758 ἐπιβαλλόμενοι
476 1677 689 1758 πεζογραφεῖν
717 1672 979 1756 ε’πιτνγχοόνονσι·
1006 1669 1200 1755 πεζογράφοι
1236 1670 1267 1734 δὲ
1294 1671 1365 1735 ε’πι-
1416 1727 1417 1738 ,

191 1793 339 1874 πιθόμενοι
363 1805 505 1879 ποιητικῇ
529 1793 687 1861 πταιόνσι·
709 1795 751 1876 τῷ
778 1793 867 1867 δῆλον
891 1791 1004 1871 τὸμὲν
1026 1791 1150 1875 φύσεος
1167 1787 1262 1865 εἶναι,
1278 1790 1314 1855 τό
1330 1789 1365 1854 δὲ
1416 1807 1417 1886 j

191 1912 307 1996 τέχνης
328 1912 440 2000 ἔργον.)
467 1913 612 1994 πέμπτος
633 1911 890 1994 ἀνδριαντοποιός·
906 1911 993 1985 ἕκτος
1014 1911 1151 1996 ρ’όσματα
1167 1910 1363 1992 γεγραφώς,
1416 1909 1417 1912 “

192 2035 230 2111 dc
254 2041 350 2118 φησιν
375 2034 595 2116 Ἀριστόξενος.

237 2152 309 2221 ότε
330 2155 478 2226 τακτικός
502 2155 635 2236 όρχαῖοι
658 2154 789 2236 σφόδρα.
813 2154 990 2218 Demetrius
1011 2162 1176 2240 postquam
1199 2148 1238 2214 de
1256 2153 1365 2216 Xeno·

193 2284 279 2341 crate
302 2273 489 2340 Academico
512 2283 636 2361 egerat,
661 2273 738 2338 alios
767 2297 822 2338 sex
844 2272 966 2339 adiecit.
1012 2271 1061 2338 td
1084 2271 1231 2338 tacticum
1255 2279 1364 2335 autem

193 2395 277 2462 male
305 2393 485 2459 retulerunt
514 2392 568 2481 (ef.
599 2392 700 2459 Paulii
728 2392 818 2460 Thes.
842 2415 871 2459 v.
896 2390 1045 2480 Xenocr.)
1071 2390 1232 2456 Strabonis
1254 2387 1365 2454 locum

194 2539 225 2603 p.
251 2513 679 2598 παρακεκινηκότα
705 2513 840 2592 Elaites,
871 2515 1026 2578 Hecataeo
1049 2509 1203 2597 aequalis,
1229 2509 1364 2574 mentio-
1416 2557 1417 2602 ρ

193 2657 267 2700 nem
290 2634 383 2698 unice
406 2655 481 2699 vera
503 2633 596 2698 lectio
619 2643 665 2698 est
688 2613 889 2716 Ξενοφόνονς.
915 2631 955 2698 cf.
979 2630 1092 2696 Strabo
1116 2631 1198 2708 572,
1225 2629 1301 2694 621.
1416 2603 1417 2612 ό

238 2755 452 2818 Xenocratum
482 2774 558 2817 vero
588 2753 750 2840 catalogus
781 2753 959 2840 graviorem
989 2751 1092 2816 labem
1121 2749 1311 2846 contraxisse
1333 2759 1368 2813 et
1416 2753 1417 2760 ’

193 2872 362 2948 ἀνήκεστος
385 2895 451 2936 esse
472 2872 606 2941 videtur.
641 2875 683 2938 Ut
704 2894 791 2936 nunc
814 2895 846 2936 se
868 2894 918 2937 res
937 2871 1047 2951 habet,
1071 2894 1155 2936 unus
1172 2872 1367 2935 Xenocrates

194 2989 353 3056 exciderit.
399 2991 526 3056 Constat
555 2990 675 3077 aliquid
705 2989 851 3056 excidisse
874 3001 905 3056 et
928 2991 1122 3056 Demetrium
1144 2999 1269 3076 praeter
1291 2987 1366 3052 Ari-

195 3109 313 3178 stotelis
331 3109 496 3196 aequalem
519 3134 573 3176 sex
593 3109 669 3176 alios
691 3112 885 3175 Xenocrates
914 3110 1052 3188 novisse,
1077 3109 1217 3196 quinque
1239 3117 1365 3174 tautum

195 3251 364 3317 apparere3
401 3229 507 3316 itaque
542 3239 598 3294 aut
632 3252 714 3294 unus
748 3228 941 3316 supplendus
976 3238 1032 3294 aut
1061 3239 1167 3294 sextus
1196 3226 1248 3293 hic
1278 3226 1366 3292 latet.

131 3371 133 3374 ·
195 3348 267 3414 Noli
296 3360 403 3414 autem
437 3349 571 3414 nimium
609 3349 747 3415 tribuere
780 3349 913 3416 lacunae
944 3350 1044 3438 signo,
1097 3351 1166 3414 Iam
1196 3343 1214 3412 ό
1239 3372 1277 3412 τε
1308 3370 1367 3411 τα·
1416 3337 1417 3340 “

197 3468 300 3540 κτικός
319 3507 365 3518 -
379 3469 430 3534 καὶ
454 3469 467 3532 ό
492 3470 648 3548 σνγγενης
671 3469 751 3535 bene
774 3469 856 3534 inter
879 3493 910 3534 se
933 3468 1102 3535 cohaerent
1127 3467 1179 3552 (οό.
1191 3467 1322 3554 Epicuri
1338 3475 1370 3531 et

197 3588 422 3678 Protagorae);
446 3587 600 3654 desideres
622 3590 725 3676 potius
748 3587 867 3674 aliquid
886 3589 967 3653 inter
985 3588 1150 3671 φιλοσόφῳ
1170 3597 1201 3653 et
1215 3587 1366 3671 φέρεται,

197 3715 293 3792 atque
315 3731 355 3772 ex
377 3709 470 3773 variis
493 3709 679 3775 coniecturis
702 3731 721 3774 a
742 3709 858 3774 Merico
879 3708 1062 3773 Gasaubono
1085 3709 1136 3775 hic
1154 3709 1285 3795 prolatis
1303 3731 1369 3774 una

198 3836 375 3892 memoratu
393 3826 489 3916 digua
507 3839 539 3893 et
550 3829 685 3914 speciosa
704 3838 767 3907 cst,
784 3851 847 3915 qua
858 3838 927 3915 post
940 3826 1105 3910 φιλοσόφῳ
1121 3827 1246 3914 supplet
1257 3829 1291 3908 γ’
1305 3829 1326 3892 i.
1339 3851 1368 3896 e.

198 3944 309 4025 τρίτος.
357 3948 414 4012 Hic
442 3948 507 4034 ipse
537 3970 690 4014 numerus
719 3948 840 4034 requiri
870 3945 1008 4026 videtur,
1032 3957 1064 4012 et
1092 3948 1124 4014 iu
1152 3950 1368 4014 Xenocratum

198 4065 277 4129 serie
300 4064 475 4132 Demetrius
498 4065 607 4132 eodem
632 4065 725 4131 modo
748 4066 905 4152 scripserit
924 4076 1019 4152 atque
1037 4067 1069 4131 in
1088 4064 1255 4131 Thaletum
1267 4059 1365 4145 dedis

200 4181 255 4246 ubi
276 4205 447 4250 numerum
471 4184 510 4251 ad
528 4184 611 4251 duos
634 4187 761 4271 primos
775 4185 893 4265 omisit,
917 4185 957 4252 ad
974 4186 1101 4251 tertium
1119 4178 1273 4272 apposuit.
1309 4183 1370 4253 Vel

200 4298 244 4364 sic
276 4310 381 4366 tamen
415 4303 504 4369 locus
536 4327 600 4369 non
635 4313 819 4391 persanatus
848 4315 909 4385 est;
941 4305 1049 4371 vocab.
1079 4304 1254 4388 φιλόσοφος
1286 4303 1371 4392 quod
