2822 4540
657 311 699 371 33

92 529 149 595 lx.
176 530 216 618 I.)
245 551 310 594 non
339 527 514 616 impediunt
542 528 619 596 baec
647 530 794 619 Diogenis
824 530 919 596 verba
948 531 980 596 in
1014 532 1163 598 Heracliti
1192 532 1255 597 vita

96 647 199 736 (Diog.
223 649 279 716 IX.
306 645 350 734 6.)
380 656 535 731 „osasica
564 650 590 713 δ’
618 651 714 716 αὐτοῦ
749 649 924 739 (Heracliti)
961 657 1017 724 τῆς
1055 658 1259 735 μεγαλοφρο-

95 767 188 844 οὐνιρς
213 765 406 843 Ἀντισθένης
432 766 529 849 φησὶν
552 767 582 831 ἐν
610 769 785 848 διαδοχαῖς·
812 770 987 850 ἐκχωρῆσαι
1016 768 1078 850 γὰρ
1109 770 1259 852 τάδελφῷ

94 894 152 963 τῆς
176 885 383 966 βασιλείας.”

142 1006 253 1079 Ῥόδιός
276 1030 323 1079 τις
349 1005 509 1088 ἱστορικός.
549 1007 636 1076 Vixit
656 1005 707 1072 hic
730 1006 838 1072 eadem
861 1017 961 1074 aetate
984 1031 1047 1095 qua
1068 1010 1154 1074 Zeno
1175 1008 1261 1073 Rho

95 1126 185 1207 dius,
209 1126 332 1212 Polybii
354 1125 494 1212 aequalis
519 1125 641 1216 (Polyb.
654 1127 739 1194 XVI.
756 1128 807 1193 14.
823 1125 854 1215 7)
872 1126 1087 1194 etfamiliaris.
1123 1130 1164 1194 Ut
1177 1130 1264 1193 Zeno

95 1245 295 1313 Antisthenes
315 1243 456 1310 Rhodius
478 1246 510 1310 in
534 1244 695 1332 republica
714 1243 855 1310 versatus
873 1244 949 1324 fuit,
980 1256 1017 1311 ut
1033 1245 1087 1312 ille
1104 1244 1143 1311 dc
1162 1247 1265 1333 patria

95 1367 200 1454 deque
229 1366 292 1432 suis
316 1364 510 1451 temporibus
529 1365 650 1451 scripsit
671 1364 806 1453 (Clinton
828 1366 862 1432 F.
887 1367 924 1432 H.
948 1367 995 1430 Ill
1014 1388 1042 1432 a.
1069 1367 1132 1431 197
1152 1388 1180 1432 a.
1205 1365 1263 1452 C.).

97 1489 162 1554 Hos
191 1487 248 1552 etsi
276 1493 455 1551 memoratu
483 1483 596 1572 dignos
624 1484 758 1550 habebat
780 1483 944 1572 Polybius,
970 1507 1068 1571 quum
1095 1509 1159 1551 non
1182 1486 1265 1552 lucri

96 1606 152 1674 sed
182 1604 284 1672 laudis
313 1604 416 1694 gratia
445 1614 477 1669 et
498 1614 534 1669 ut
556 1602 660 1669 decuit
682 1605 765 1669 viros
786 1604 818 1669 in
842 1603 1004 1691 republica
1029 1616 1183 1684 versatos,
1216 1628 1265 1672 res

97 1749 157 1793 sua
180 1725 332 1792 memoria
354 1732 456 1812 gestas
479 1723 747 1810 conscripsissent,
772 1732 877 1789 tamen
899 1723 998 1789 nimio
1021 1724 1141 1810 patriae
1159 1746 1266 1792 amore

98 1845 221 1931 abrepti
244 1843 469 1910 commiserunt
490 1855 521 1908 et
547 1843 625 1922 alia,
657 1854 688 1909 et
711 1843 763 1911 ubi
785 1843 900 1909 Rhodii
921 1844 995 1910 victi
1017 1854 1123 1923 erant,
1148 1843 1191 1908 ibi
1213 1867 1265 1910 eos

97 1965 209 2030 vicisse
231 1963 444 2042 tradiderunt,
474 1986 537 2049 quo
559 1962 598 2028 de
620 1985 728 2028 errore
750 1964 816 2050 ipse
838 1962 987 2050 Polybius
1008 1965 1167 2028 Zenonem
1191 1963 1266 2028 edo-

99 2084 185 2163 cuit,
208 2081 417 2169 edoctumque
439 2082 637 2149 confitentem
667 2104 758 2148 reum
789 2081 907 2148 habuit.
953 2082 1137 2171 Polybium,
1168 2082 1266 2149 fidum

98 2226 176 2269 sane
192 2201 320 2286 ducem,
340 2213 465 2269 secutus
478 2203 655 2270 Demetrius
665 2202 880 2270 Antisthenem
897 2202 1007 2270 Ῥόδιον
1021 2228 1106 2270 τινα
1118 2203 1265 2286 ἱστορικόν

99 2320 196 2401 dixit,
221 2345 325 2408 neque
347 2323 456 2412 magni
479 2345 553 2388 eum
576 2322 657 2390 iecit.

572 2570 798 2628 ΑΠΙΔΑΝΟΙ.

145 2803 380 2891 Stephanus
408 2803 444 2867 B.
487 2800 625 2875 Ἀπία,
653 2799 748 2872 οὕτως
783 2801 808 2866 οἱ
842 2802 975 2882 νεώτεροι
1005 2804 1040 2868 τὸ
1064 2802 1182 2883 ’Ἀρρος
1214 2805 1268 2870 καὶ

98 2923 171 2996 τοὺς
195 2929 416 2996 κατοικοῦντας
444 2919 622 2994 Ἀπιδὸνας.
653 2957 698 2970 -·
728 2921 774 2986 Τδ
801 2922 911 2986 ἒθνικὸν
940 2921 1068 2993 Ἀπιεὺς
1096 2922 1194 2997 δηλῶν
1218 2924 1271 2989 τὸν

98 3044 343 3119 Πελοποννήσιον
367 3041 419 3108 καὶ
441 3040 587 3116 ’Arsinoen
609 3041 644 3105 τὸ
671 3038 818 3105 ἔκτοπον
842 3040 894 3104 καὶ
921 3039 1079 3113 Ἀπιδόνες
1100 3042 1154 3106 καὶ
1177 3045 1269 3108 Ἀπι-

98 3164 221 3238 δονῆες,
247 3161 405 3234 Ἀπιδόνες
440 3159 471 3226 δὲ
504 3159 556 3224 καὶ
582 3160 607 3224 οἱ
634 3157 783 3240 Ἀρκάδες
807 3159 870 3224 atat
892 3159 1048 3234 Ἀπιδονος
1075 3167 1219 3240 ποταμοῦ
1249 3162 1267 3238 ἢ

17 3335 20 3340 .
99 3287 155 3348 τοῦ
180 3284 244 3348 οἱοῦ
267 3281 420 3364 Φορωνέως
439 3278 583 3350 ’Ἀπιδος.
615 3279 790 3358 Δημήτριος
812 3278 844 3343 δὲ
867 3277 920 3342 καὶ
945 3280 1086 3358 ποταμὸν
1103 3281 1269 3346 Ἀπιδανὸν

99 3408 158 3476 τῆς
189 3400 332 3483 Τριοοὶδος
361 3399 458 3483 φησίν
484 3395 676 3480 „inflatior
705 3399 747 3470 εἷς
772 3398 828 3472 τὴν
854 3397 989 3479 ἑσπέριον
1016 3397 1204 3466 θάλασσαν’
1230 3402 1269 3474 ὡς

100 3520 305 3601 Τιμοσθένης.
339 3519 417 3602 φησὶ
445 3518 476 3583 δὲ
508 3517 560 3581 καὶ
593 3515 653 3590 τοὶς
677 3517 824 3598 οἱχροὲδας
854 3517 913 3590 τὰς
937 3518 967 3583 ἕν
992 3519 1094 3600 ταύτρ
1117 3531 1157 3606 τῇ
1181 3522 1270 3605 χώρα

101 3640 269 3720 γινομένας
290 3639 411 3720 Ἴστρος
436 3637 547 3709 dalevo
574 3637 638 3702 eiad
660 3638 779 3713 ταύτης
804 3638 861 3703 ὑπὸ
886 3641 945 3702 τῶν
969 3636 1075 3715 ἔξωθεν
1098 3641 1268 3719 λεχθῆναι,
1390 3687 1393 3695 -

101 3759 236 3840 λέγεται
275 3758 327 3824 καὶ
361 3757 454 3831 Ἀπὶς
486 3756 632 3833 θηλυκόν,
671 3752 705 3832 ἧς
742 3759 758 3833 ἦ
789 3758 896 3836 γενικὴ
929 3756 1067 3829 Ἀπίδος.
1103 3755 1178 3822 οὕτω
1215 3759 1270 3834 τὴν

101 3881 209 3962 χώραν
233 3877 450 3959 Ἐρατοσθένης
474 3877 504 3941 ἕν
528 3879 627 3960 Ἐρμῇ
651 3876 878 3958 προςαγορεύει.

148 4001 303 4085 Excerpta
333 4007 487 4083 quantum
517 3995 632 4062 distent
654 3996 694 4061 ab
718 3996 843 4084 integro
864 3995 935 4060 loco
957 4005 989 4061 et
1011 4018 1069 4061 cur
1091 3995 1146 4060 illa
1168 3996 1273 4065 lucem

105 4116 264 4184 obducant
282 4116 359 4183 dum
378 4111 552 4214 hicaffert,
576 4115 637 4182 hoc
660 4116 730 4182 loco
752 4126 899 4202 apparet:
924 4116 1052 4202 quinam
1072 4116 1119 4181 illi
1137 4117 1272 4195 νεώτεροι

104 4247 180 4303 sunt
201 4261 241 4302 ex
266 4235 419 4302 Strabone
448 4235 575 4303 demum
600 4259 693 4322 quem
719 4235 895 4322 Stephanus
917 4234 1094 4320 exscripsit,
1126 4233 1271 4320 liquebit:

106 4356 268 4424 Strabonis
289 4356 328 4423 de
350 4357 438 4446 Argo
461 4355 557 4422 locuti
580 4357 704 4445 integra
734 4356 831 4422 verba
860 4363 933 4420 sunt
963 4377 993 4441 p.
1019 4357 1101 4419 371:
1132 4351 1208 4418 οὕτω
1242 4353 1273 4417 δὲ

1075 4475 1095 4522 a
