<?xml version="1.0" encoding="UTF-8"?>
<!DOCTYPE html PUBLIC "-//W3C//DTD XHTML 1.0 Transitional//EN"
    "http://www.w3.org/TR/xhtml1/DTD/xhtml1-transitional.dtd">
<html xmlns="http://www.w3.org/1999/xhtml" xml:lang="en" lang="en">
 <head>
  <title>
</title>
<meta http-equiv="Content-Type" content="text/html;charset=utf-8" />
  <meta name='ocr-system' content='tesseract 3.04.00' />
  <meta name='ocr-capabilities' content='ocr_page ocr_carea ocr_par ocr_line ocrx_word'/>
</head>
<body>
  <div class='ocr_page' id='page_1' title='image "./dedemetriomagne00schegoog_0069.png"; bbox 0 0 2848 4546; ppageno 0'>
   <div class='ocr_carea' id='block_1_1' title="bbox 726 271 767 334">
    <p class='ocr_par' dir='ltr' id='par_1_1' title="bbox 726 271 767 334">
     <span class='ocr_line' id='line_1_1' title="bbox 726 271 767 334; baseline 0 0"><span class='ocrx_word' id='word_1_1' title='bbox 726 271 767 334; x_wconf 87' lang='lat'><strong>58</strong></span> 
     </span>
    </p>
   </div>
   <div class='ocr_carea' id='block_1_2' title="bbox 163 491 1340 821">
    <p class='ocr_par' dir='ltr' id='par_1_2' title="bbox 163 491 1340 821">
     <span class='ocr_line' id='line_1_2' title="bbox 163 491 1334 582; baseline 0 -23"><span class='ocrx_word' id='word_1_2' title='bbox 163 495 318 582; x_wconf 85' lang='lat' dir='ltr'>Diogenes</span> <span class='ocrx_word' id='word_1_3' title='bbox 351 495 481 575; x_wconf 81' lang='lat' dir='ltr'><strong>Laertii,</strong></span> <span class='ocrx_word' id='word_1_4' title='bbox 517 505 554 560; x_wconf 92' lang='lat' dir='ltr'><strong>ut</strong></span> <span class='ocrx_word' id='word_1_5' title='bbox 586 492 769 572; x_wconf 87' lang='lat' dir='ltr'><strong>credebant,</strong></span> <span class='ocrx_word' id='word_1_6' title='bbox 801 493 903 559; x_wconf 89' lang='lat' dir='ltr'><strong>verbis</strong></span> <span class='ocrx_word' id='word_1_7' title='bbox 933 494 948 559; x_wconf 80' lang='grc' dir='ltr'><em>ί</em></span> <span class='ocrx_word' id='word_1_8' title='bbox 973 491 1142 575; x_wconf 71' lang='grc' dir='ltr'><strong><em>διατρίψας</em></strong></span> <span class='ocrx_word' id='word_1_9' title='bbox 1165 494 1195 558; x_wconf 83' lang='grc' dir='ltr'><strong>ἐν</strong></span> <span class='ocrx_word' id='word_1_10' title='bbox 1220 494 1334 572; x_wconf 77' lang='grc' dir='ltr'><em>Ἀλεξ.</em></span> 
     </span>
     <span class='ocr_line' id='line_1_3' title="bbox 165 609 1338 700; baseline -0.003 -20"><span class='ocrx_word' id='word_1_11' title='bbox 165 615 316 698; x_wconf 79' lang='grc' dir='ltr'><em>οοφνοτης</em></span> <span class='ocrx_word' id='word_1_12' title='bbox 339 639 370 680; x_wconf 93' lang='grc' dir='ltr'><strong>τ.</strong></span> <span class='ocrx_word' id='word_1_13' title='bbox 387 639 422 693; x_wconf 76' lang='grc' dir='ltr'><strong>γ.</strong></span> <span class='ocrx_word' id='word_1_14' title='bbox 438 639 463 695; x_wconf 90' lang='grc' dir='ltr'><strong>ρ.</strong></span> <span class='ocrx_word' id='word_1_15' title='bbox 510 615 548 678; x_wconf 93' lang='lat' dir='ltr'><strong>lu</strong></span> <span class='ocrx_word' id='word_1_16' title='bbox 578 611 664 679; x_wconf 90' lang='lat' dir='ltr'><strong>hunc</strong></span> <span class='ocrx_word' id='word_1_17' title='bbox 694 634 834 677; x_wconf 86' lang='lat' dir='ltr'><strong>errorem</strong></span> <span class='ocrx_word' id='word_1_18' title='bbox 857 612 956 700; x_wconf 87' lang='lat' dir='ltr'><strong>igitur</strong></span> <span class='ocrx_word' id='word_1_19' title='bbox 978 609 1191 699; x_wconf 85' lang='lat' dir='ltr'><strong>imprudentes</strong></span> <span class='ocrx_word' id='word_1_20' title='bbox 1213 611 1338 677; x_wconf 88' lang='lat' dir='ltr'><strong>incide-</strong></span> 
     </span>
     <span class='ocr_line' id='line_1_4' title="bbox 164 732 1340 821; baseline -0.005 -19"><span class='ocrx_word' id='word_1_21' title='bbox 164 745 257 813; x_wconf 85' lang='lat' dir='ltr'><strong>runt,</strong></span> <span class='ocrx_word' id='word_1_22' title='bbox 281 756 381 820; x_wconf 92' lang='lat' dir='ltr'><strong>quum</strong></span> <span class='ocrx_word' id='word_1_23' title='bbox 404 733 517 798; x_wconf 87' lang='lat' dir='ltr'><strong>horum</strong></span> <span class='ocrx_word' id='word_1_24' title='bbox 542 732 759 821; x_wconf 82' lang='lat' dir='ltr'><strong>catalogorum</strong></span> <span class='ocrx_word' id='word_1_25' title='bbox 779 733 933 799; x_wconf 87' lang='lat' dir='ltr'><strong>rationem</strong></span> <span class='ocrx_word' id='word_1_26' title='bbox 948 733 1137 811; x_wconf 79' lang='lat' dir='ltr'><strong>nescientes,</strong></span> <span class='ocrx_word' id='word_1_27' title='bbox 1158 754 1178 797; x_wconf 87' lang='lat' dir='ltr'><strong>a</strong></span> <span class='ocrx_word' id='word_1_28' title='bbox 1196 733 1340 818; x_wconf 80' lang='lat' dir='ltr'><strong>Diogene</strong></span> 
     </span>
    </p>
   </div>
   <div class='ocr_carea' id='block_1_3' title="bbox 165 824 1408 931">
    <p class='ocr_par' dir='ltr' id='par_1_3' title="bbox 165 824 1408 931">
     <span class='ocr_line' id='line_1_5' title="bbox 1407 824 1408 846; baseline 0 0"><span class='ocrx_word' id='word_1_29' title='bbox 1407 824 1408 846; x_wconf 53' lang='lat' dir='ltr'><strong>t</strong></span> 
     </span>
     <span class='ocr_line' id='line_1_6' title="bbox 165 849 1408 931; baseline -0.005 -9"><span class='ocrx_word' id='word_1_30' title='bbox 165 877 218 922; x_wconf 88' lang='lat' dir='ltr'><strong>eos</strong></span> <span class='ocrx_word' id='word_1_31' title='bbox 240 877 305 920; x_wconf 88' lang='lat' dir='ltr'><strong>esse</strong></span> <span class='ocrx_word' id='word_1_32' title='bbox 329 852 486 919; x_wconf 84' lang='lat' dir='ltr'><strong>confectos</strong></span> <span class='ocrx_word' id='word_1_33' title='bbox 508 863 540 917; x_wconf 92' lang='lat' dir='ltr'><strong>et</strong></span> <span class='ocrx_word' id='word_1_34' title='bbox 562 853 595 917; x_wconf 92' lang='lat' dir='ltr'><strong>in</strong></span> <span class='ocrx_word' id='word_1_35' title='bbox 614 851 661 918; x_wconf 89' lang='lat' dir='ltr'><strong>his</strong></span> <span class='ocrx_word' id='word_1_36' title='bbox 683 875 852 918; x_wconf 87' lang='lat' dir='ltr'><strong>occurrere</strong></span> <span class='ocrx_word' id='word_1_37' title='bbox 870 852 1039 919; x_wconf 88' lang='lat' dir='ltr'><strong>credebant</strong></span> <span class='ocrx_word' id='word_1_38' title='bbox 1054 853 1182 918; x_wconf 91' lang='lat' dir='ltr'><strong>nomina</strong></span> <span class='ocrx_word' id='word_1_39' title='bbox 1205 875 1338 931; x_wconf 90' lang='lat' dir='ltr'><strong>eorum,</strong></span> <span class='ocrx_word' id='word_1_40' title='bbox 1407 849 1408 868; x_wconf 63' lang='lat'>¹</span> 
     </span>
    </p>
   </div>
   <div class='ocr_carea' id='block_1_4' title="bbox 165 971 1409 4409">
    <p class='ocr_par' dir='ltr' id='par_1_4' title="bbox 165 971 1346 2969">
     <span class='ocr_line' id='line_1_7' title="bbox 166 971 1343 1062; baseline -0.003 -22"><span class='ocrx_word' id='word_1_41' title='bbox 166 975 221 1062; x_wconf 91' lang='lat' dir='ltr'><strong>qui</strong></span> <span class='ocrx_word' id='word_1_42' title='bbox 254 973 399 1040; x_wconf 88' lang='lat' dir='ltr'><strong>Favorini</strong></span> <span class='ocrx_word' id='word_1_43' title='bbox 432 981 565 1038; x_wconf 88' lang='lat' dir='ltr'><strong>aetatem</strong></span> <span class='ocrx_word' id='word_1_44' title='bbox 599 972 782 1060; x_wconf 85' lang='lat' dir='ltr'><strong>attigissent</strong></span> <span class='ocrx_word' id='word_1_45' title='bbox 827 972 869 1037; x_wconf 91' lang='lat' dir='ltr'><strong>At</strong></span> <span class='ocrx_word' id='word_1_46' title='bbox 898 971 994 1061; x_wconf 91' lang='lat' dir='ltr'><strong>louge</strong></span> <span class='ocrx_word' id='word_1_47' title='bbox 1023 994 1112 1037; x_wconf 86' lang='lat' dir='ltr'><strong>secus</strong></span> <span class='ocrx_word' id='word_1_48' title='bbox 1138 995 1221 1051; x_wconf 87' lang='lat' dir='ltr'><strong>esse,</strong></span> <span class='ocrx_word' id='word_1_49' title='bbox 1246 972 1343 1058; x_wconf 91' lang='lat' dir='ltr'><strong>periti</strong></span> 
     </span>
     <span class='ocr_line' id='line_1_8' title="bbox 165 1073 1342 1181; baseline -0.002 -21"><span class='ocrx_word' id='word_1_50' title='bbox 165 1093 366 1181; x_wconf 58' lang='grc' dir='ltr'><strong>εταίρους</strong></span> <span class='ocrx_word' id='word_1_51' title='bbox 391 1091 512 1156; x_wconf 64' lang='lat' dir='ltr'><strong>asama</strong></span> <span class='ocrx_word' id='word_1_52' title='bbox 525 1073 619 1160; x_wconf 71' lang='lat' dir='ltr'><strong>,enm</strong></span> <span class='ocrx_word' id='word_1_53' title='bbox 642 1092 656 1155; x_wconf 78' lang='lat' dir='ltr'><strong>a</strong></span> <span class='ocrx_word' id='word_1_54' title='bbox 682 1090 850 1172; x_wconf 69' lang='grc' dir='ltr'><em>ααροος</em></span> <span class='ocrx_word' id='word_1_55' title='bbox 875 1092 906 1156; x_wconf 79' lang='grc' dir='ltr'><em>α</em></span> <span class='ocrx_word' id='word_1_56' title='bbox 930 1090 1153 1176; x_wconf 59' lang='lat' dir='ltr'><strong>’narratum</strong></span> <span class='ocrx_word' id='word_1_57' title='bbox 1175 1090 1260 1158; x_wconf 73' lang='lat' dir='ltr'><strong>nem</strong></span> <span class='ocrx_word' id='word_1_58' title='bbox 1283 1091 1342 1158; x_wconf 77' lang='lat' dir='ltr'><strong>ua-</strong></span> 
     </span>
     <span class='ocr_line' id='line_1_9' title="bbox 166 1210 1345 1299; baseline -0.003 -20"><span class='ocrx_word' id='word_1_59' title='bbox 166 1212 235 1279; x_wconf 90' lang='lat' dir='ltr'><strong>beri</strong></span> <span class='ocrx_word' id='word_1_60' title='bbox 267 1221 369 1299; x_wconf 89' lang='lat' dir='ltr'><strong>posset</strong></span> <span class='ocrx_word' id='word_1_61' title='bbox 402 1220 497 1297; x_wconf 90' lang='lat' dir='ltr'><strong>atque</strong></span> <span class='ocrx_word' id='word_1_62' title='bbox 530 1210 544 1274; x_wconf 82' lang='lat' dir='ltr'><strong>o‘</strong></span> <span class='ocrx_word' id='word_1_63' title='bbox 578 1210 802 1293; x_wconf 75' lang='grc' dir='ltr'><em>Ἀλεξανδρεύς</em></span> <span class='ocrx_word' id='word_1_64' title='bbox 837 1219 869 1276; x_wconf 90' lang='lat' dir='ltr'><strong>et</strong></span> <span class='ocrx_word' id='word_1_65' title='bbox 901 1211 1046 1277; x_wconf 88' lang='lat' dir='ltr'><strong>Favorini</strong></span> <span class='ocrx_word' id='word_1_66' title='bbox 1080 1212 1200 1278; x_wconf 89' lang='lat' dir='ltr'><strong>amicus</strong></span> <span class='ocrx_word' id='word_1_67' title='bbox 1233 1211 1345 1281; x_wconf 76' lang='lat' dir='ltr'><strong>fuisset</strong></span> 
     </span>
     <span class='ocr_line' id='line_1_10' title="bbox 167 1329 1345 1418; baseline -0.002 -20"><span class='ocrx_word' id='word_1_68' title='bbox 167 1330 304 1418; x_wconf 77' lang='lat' dir='ltr'><strong>sophista</strong></span> <span class='ocrx_word' id='word_1_69' title='bbox 336 1339 368 1398; x_wconf 88' lang='lat' dir='ltr'><strong>et</strong></span> <span class='ocrx_word' id='word_1_70' title='bbox 400 1329 481 1396; x_wconf 91' lang='lat' dir='ltr'><strong>liber</strong></span> <span class='ocrx_word' id='word_1_71' title='bbox 514 1329 582 1412; x_wconf 81' lang='grc' dir='ltr'><em>τερδ</em></span> <span class='ocrx_word' id='word_1_72' title='bbox 614 1329 776 1410; x_wconf 74' lang='grc' dir='ltr'><em>ἑρμηνείας</em></span> <span class='ocrx_word' id='word_1_73' title='bbox 812 1331 895 1396; x_wconf 90' lang='lat' dir='ltr'><strong>inter</strong></span> <span class='ocrx_word' id='word_1_74' title='bbox 928 1330 1047 1412; x_wconf 81' lang='grc' dir='ltr'><em>τέχνας</em></span> <span class='ocrx_word' id='word_1_75' title='bbox 1075 1330 1234 1414; x_wconf 78' lang='grc' dir='ltr'><em>ρἠτορνκοίς</em></span> <span class='ocrx_word' id='word_1_76' title='bbox 1264 1342 1345 1398; x_wconf 89' lang='lat' dir='ltr'><strong>esset</strong></span> 
     </span>
     <span class='ocr_line' id='line_1_11' title="bbox 168 1448 1343 1538; baseline 0 -22"><span class='ocrx_word' id='word_1_77' title='bbox 168 1448 368 1528; x_wconf 84' lang='lat' dir='ltr'><strong>referendus,</strong></span> <span class='ocrx_word' id='word_1_78' title='bbox 392 1471 557 1536; x_wconf 89' lang='lat' dir='ltr'><strong>nunquam</strong></span> <span class='ocrx_word' id='word_1_79' title='bbox 581 1459 686 1515; x_wconf 86' lang='lat' dir='ltr'><strong>tamen</strong></span> <span class='ocrx_word' id='word_1_80' title='bbox 708 1452 885 1515; x_wconf 85' lang='lat' dir='ltr'><strong>Demetrius</strong></span> <span class='ocrx_word' id='word_1_81' title='bbox 906 1452 1035 1538; x_wconf 86' lang='lat' dir='ltr'><strong>Magnes</strong></span> <span class='ocrx_word' id='word_1_82' title='bbox 1057 1460 1113 1516; x_wconf 87' lang='lat' dir='ltr'><strong>aut</strong></span> <span class='ocrx_word' id='word_1_83' title='bbox 1130 1459 1195 1525; x_wconf 82' lang='grc' dir='ltr'><em>τοῖς</em></span> <span class='ocrx_word' id='word_1_84' title='bbox 1217 1451 1343 1531; x_wconf 78' lang='grc' dir='ltr'><em>οίξνολί-</em></span> 
     </span>
     <span class='ocr_line' id='line_1_12' title="bbox 169 1569 1343 1654; baseline 0 -18"><span class='ocrx_word' id='word_1_85' title='bbox 169 1594 254 1649; x_wconf 72' lang='lat' dir='ltr'><strong>year,</strong></span> <span class='ocrx_word' id='word_1_86' title='bbox 286 1578 342 1634; x_wconf 88' lang='lat' dir='ltr'><strong>aut</strong></span> <span class='ocrx_word' id='word_1_87' title='bbox 370 1569 564 1635; x_wconf 88' lang='lat' dir='ltr'><strong>inhonoratis</strong></span> <span class='ocrx_word' id='word_1_88' title='bbox 593 1569 758 1636; x_wconf 89' lang='lat' dir='ltr'><strong>Demetriis</strong></span> <span class='ocrx_word' id='word_1_89' title='bbox 784 1581 946 1636; x_wconf 84' lang='lat' dir='ltr'><strong>auctorem</strong></span> <span class='ocrx_word' id='word_1_90' title='bbox 971 1570 1044 1636; x_wconf 87' lang='lat' dir='ltr'><strong>libri</strong></span> <span class='ocrx_word' id='word_1_91' title='bbox 1066 1572 1134 1653; x_wconf 76' lang='grc' dir='ltr'><em>περὶ</em></span> <span class='ocrx_word' id='word_1_92' title='bbox 1160 1572 1343 1654; x_wconf 71' lang='grc' dir='ltr'><em>ἑρμηνείας,</em></span> 
     </span>
     <span class='ocr_line' id='line_1_13' title="bbox 170 1688 1345 1780; baseline 0.002 -25"><span class='ocrx_word' id='word_1_93' title='bbox 170 1711 235 1755; x_wconf 89' lang='lat' dir='ltr'><strong>nou</strong></span> <span class='ocrx_word' id='word_1_94' title='bbox 266 1697 338 1756; x_wconf 89' lang='lat' dir='ltr'><strong>ante</strong></span> <span class='ocrx_word' id='word_1_95' title='bbox 367 1688 503 1776; x_wconf 82' lang='lat' dir='ltr'><strong>Augusti</strong></span> <span class='ocrx_word' id='word_1_96' title='bbox 535 1689 747 1774; x_wconf 87' lang='lat' dir='ltr'><strong>principatum</strong></span> <span class='ocrx_word' id='word_1_97' title='bbox 777 1690 960 1774; x_wconf 88' lang='lat' dir='ltr'><strong>conscripti,</strong></span> <span class='ocrx_word' id='word_1_98' title='bbox 996 1712 1208 1756; x_wconf 84' lang='lat' dir='ltr'><strong>annumerare</strong></span> <span class='ocrx_word' id='word_1_99' title='bbox 1230 1693 1345 1780; x_wconf 90' lang='lat' dir='ltr'><strong>potuit.</strong></span> 
     </span>
     <span class='ocr_line' id='line_1_14' title="bbox 170 1807 1344 1894; baseline 0.004 -23"><span class='ocrx_word' id='word_1_100' title='bbox 170 1808 281 1894; x_wconf 89' lang='lat' dir='ltr'><strong>Itaque</strong></span> <span class='ocrx_word' id='word_1_101' title='bbox 301 1816 434 1886; x_wconf 87' lang='lat' dir='ltr'><strong>constat,</strong></span> <span class='ocrx_word' id='word_1_102' title='bbox 456 1808 585 1894; x_wconf 90' lang='lat' dir='ltr'><strong>quinam</strong></span> <span class='ocrx_word' id='word_1_103' title='bbox 601 1831 665 1873; x_wconf 91' lang='lat' dir='ltr'><strong>non</strong></span> <span class='ocrx_word' id='word_1_104' title='bbox 686 1809 725 1875; x_wconf 88' lang='lat' dir='ltr'><strong>sit</strong></span> <span class='ocrx_word' id='word_1_105' title='bbox 742 1807 904 1875; x_wconf 89' lang='lat' dir='ltr'><strong>habendus</strong></span> <span class='ocrx_word' id='word_1_106' title='bbox 923 1811 937 1875; x_wconf 84' lang='grc' dir='ltr'><strong><em>ὁ</em></strong></span> <span class='ocrx_word' id='word_1_107' title='bbox 953 1811 1129 1893; x_wconf 76' lang='grc' dir='ltr'><em>Δημήτριος</em></span> <span class='ocrx_word' id='word_1_108' title='bbox 1145 1811 1158 1875; x_wconf 81' lang='grc' dir='ltr'><em>ί</em></span> <span class='ocrx_word' id='word_1_109' title='bbox 1174 1811 1344 1892; x_wconf 72' lang='grc' dir='ltr'><em>διατρίψας</em></span> 
     </span>
     <span class='ocr_line' id='line_1_15' title="bbox 171 1926 1345 2019; baseline 0.003 -28"><span class='ocrx_word' id='word_1_110' title='bbox 171 1928 202 1992; x_wconf 82' lang='grc' dir='ltr'><strong>ἐν</strong></span> <span class='ocrx_word' id='word_1_111' title='bbox 226 1926 448 2011; x_wconf 69' lang='grc' dir='ltr'><em>Ἀλεξανδρεία</em></span> <span class='ocrx_word' id='word_1_112' title='bbox 469 1929 641 2010; x_wconf 77' lang='grc' dir='ltr'><em>σοφνοτνίςς</em></span> <span class='ocrx_word' id='word_1_113' title='bbox 676 1928 761 1994; x_wconf 87' lang='lat' dir='ltr'><strong>ultra</strong></span> <span class='ocrx_word' id='word_1_114' title='bbox 790 1928 940 2016; x_wconf 88' lang='lat' dir='ltr'><strong>progredi</strong></span> <span class='ocrx_word' id='word_1_115' title='bbox 970 1952 1034 1996; x_wconf 92' lang='lat' dir='ltr'><strong>non</strong></span> <span class='ocrx_word' id='word_1_116' title='bbox 1058 1932 1205 2019; x_wconf 88' lang='lat' dir='ltr'><strong>contigit;</strong></span> <span class='ocrx_word' id='word_1_117' title='bbox 1231 1931 1345 1996; x_wconf 88' lang='lat' dir='ltr'><strong>verisi-</strong></span> 
     </span>
     <span class='ocr_line' id='line_1_16' title="bbox 171 2044 1343 2138; baseline 0.003 -26"><span class='ocrx_word' id='word_1_118' title='bbox 171 2044 247 2112; x_wconf 82' lang='lat' dir='ltr'><strong>mile</strong></span> <span class='ocrx_word' id='word_1_119' title='bbox 277 2056 323 2111; x_wconf 91' lang='lat' dir='ltr'><strong>est</strong></span> <span class='ocrx_word' id='word_1_120' title='bbox 352 2069 443 2126; x_wconf 91' lang='lat' dir='ltr'><strong>eum,</strong></span> <span class='ocrx_word' id='word_1_121' title='bbox 475 2048 530 2132; x_wconf 93' lang='lat' dir='ltr'><strong>qui</strong></span> <span class='ocrx_word' id='word_1_122' title='bbox 562 2048 767 2114; x_wconf 81' lang='lat' dir='ltr'><strong>Alexandriae</strong></span> <span class='ocrx_word' id='word_1_123' title='bbox 794 2049 881 2138; x_wconf 89' lang='lat' dir='ltr'><strong>degit</strong></span> <span class='ocrx_word' id='word_1_124' title='bbox 903 2072 941 2116; x_wconf 92' lang='lat' dir='ltr'><strong>ac</strong></span> <span class='ocrx_word' id='word_1_125' title='bbox 963 2050 1120 2118; x_wconf 88' lang='lat' dir='ltr'><strong>rhetorica</strong></span> <span class='ocrx_word' id='word_1_126' title='bbox 1142 2051 1343 2137; x_wconf 89' lang='lat' dir='ltr'><strong>conscripsit,</strong></span> 
     </span>
     <span class='ocr_line' id='line_1_17' title="bbox 172 2166 1345 2257; baseline 0.003 -27"><span class='ocrx_word' id='word_1_127' title='bbox 172 2175 310 2253; x_wconf 89' lang='lat' dir='ltr'><strong>quatuor</strong></span> <span class='ocrx_word' id='word_1_128' title='bbox 332 2166 607 2252; x_wconf 88' lang='lat' dir='ltr'><strong>subsequentibus,</strong></span> <span class='ocrx_word' id='word_1_129' title='bbox 629 2191 706 2255; x_wconf 93' lang='lat' dir='ltr'><strong>quos</strong></span> <span class='ocrx_word' id='word_1_130' title='bbox 728 2170 951 2257; x_wconf 86' lang='lat' dir='ltr'><strong>grammaticos</strong></span> <span class='ocrx_word' id='word_1_131' title='bbox 974 2170 1068 2236; x_wconf 86' lang='lat' dir='ltr'><strong>fuisse</strong></span> <span class='ocrx_word' id='word_1_132' title='bbox 1091 2179 1228 2250; x_wconf 88' lang='lat' dir='ltr'><strong>constat,</strong></span> <span class='ocrx_word' id='word_1_133' title='bbox 1254 2180 1291 2235; x_wconf 92' lang='lat' dir='ltr'><strong>ut</strong></span> <span class='ocrx_word' id='word_1_134' title='bbox 1314 2180 1345 2235; x_wconf 89' lang='lat' dir='ltr'><strong>et</strong></span> 
     </span>
     <span class='ocr_line' id='line_1_18' title="bbox 172 2287 1344 2377; baseline 0.004 -26"><span class='ocrx_word' id='word_1_135' title='bbox 172 2287 275 2374; x_wconf 90' lang='lat' dir='ltr'><strong>ipsum</strong></span> <span class='ocrx_word' id='word_1_136' title='bbox 302 2287 545 2374; x_wconf 87' lang='lat' dir='ltr'><strong>grammaticum</strong></span> <span class='ocrx_word' id='word_1_137' title='bbox 577 2289 834 2376; x_wconf 84' lang='lat' dir='ltr'><strong>coniungendam</strong></span> <span class='ocrx_word' id='word_1_138' title='bbox 865 2313 946 2369; x_wconf 89' lang='lat' dir='ltr'><strong>esse,</strong></span> <span class='ocrx_word' id='word_1_139' title='bbox 979 2313 1094 2377; x_wconf 87' lang='lat' dir='ltr'><strong>eosque</strong></span> <span class='ocrx_word' id='word_1_140' title='bbox 1122 2301 1223 2357; x_wconf 88' lang='lat' dir='ltr'><strong>aetate</strong></span> <span class='ocrx_word' id='word_1_141' title='bbox 1249 2313 1344 2377; x_wconf 56' lang='lat' dir='ltr'><strong>prae*</strong></span> 
     </span>
     <span class='ocr_line' id='line_1_19' title="bbox 174 2406 1346 2497; baseline 0.001 -23"><span class='ocrx_word' id='word_1_142' title='bbox 174 2407 307 2474; x_wconf 89' lang='lat' dir='ltr'><strong>cessisse.</strong></span> <span class='ocrx_word' id='word_1_143' title='bbox 342 2407 380 2471; x_wconf 91' lang='lat' dir='ltr'><strong>ln</strong></span> <span class='ocrx_word' id='word_1_144' title='bbox 410 2406 457 2472; x_wconf 88' lang='lat' dir='ltr'><strong>his</strong></span> <span class='ocrx_word' id='word_1_145' title='bbox 491 2429 591 2494; x_wconf 90' lang='lat' dir='ltr'><strong>quum</strong></span> <span class='ocrx_word' id='word_1_146' title='bbox 622 2407 687 2472; x_wconf 94' lang='lat' dir='ltr'><strong>duo</strong></span> <span class='ocrx_word' id='word_1_147' title='bbox 715 2408 898 2475; x_wconf 77' lang='lat' dir='ltr'><strong>Aristarcho</strong></span> <span class='ocrx_word' id='word_1_148' title='bbox 922 2410 1069 2497; x_wconf 87' lang='lat' dir='ltr'><strong>aequales</strong></span> <span class='ocrx_word' id='word_1_149' title='bbox 1091 2420 1282 2490; x_wconf 88' lang='lat' dir='ltr'><strong>occurrunt,</strong></span> <span class='ocrx_word' id='word_1_150' title='bbox 1307 2410 1346 2475; x_wconf 91' lang='lat' dir='ltr'><strong>ad</strong></span> 
     </span>
     <span class='ocr_line' id='line_1_20' title="bbox 174 2526 1343 2620; baseline 0.004 -28"><span class='ocrx_word' id='word_1_151' title='bbox 174 2526 342 2612; x_wconf 87' lang='lat' dir='ltr'><strong>sophistam</strong></span> <span class='ocrx_word' id='word_1_152' title='bbox 372 2537 478 2591; x_wconf 91' lang='lat' dir='ltr'><strong>tamen</strong></span> <span class='ocrx_word' id='word_1_153' title='bbox 505 2529 557 2592; x_wconf 91' lang='lat' dir='ltr'><strong>vix</strong></span> <span class='ocrx_word' id='word_1_154' title='bbox 579 2527 751 2594; x_wconf 86' lang='lat' dir='ltr'><strong>trahendus</strong></span> <span class='ocrx_word' id='word_1_155' title='bbox 774 2532 950 2611; x_wconf 66' lang='grc' dir='ltr'><em>Δημήτριος</em></span> <span class='ocrx_word' id='word_1_156' title='bbox 973 2529 986 2594; x_wconf 79' lang='grc' dir='ltr'><em>ὃ</em></span> <span class='ocrx_word' id='word_1_157' title='bbox 1010 2529 1199 2605; x_wconf 74' lang='grc' dir='ltr'><em>Ζηνοδότειος</em></span> <span class='ocrx_word' id='word_1_158' title='bbox 1226 2529 1343 2620; x_wconf 89' lang='lat' dir='ltr'><strong>(Schol.</strong></span> 
     </span>
     <span class='ocr_line' id='line_1_21' title="bbox 174 2645 1345 2739; baseline 0.003 -28"><span class='ocrx_word' id='word_1_159' title='bbox 174 2647 268 2714; x_wconf 90' lang='lat' dir='ltr'><strong>Arist.</strong></span> <span class='ocrx_word' id='word_1_160' title='bbox 298 2647 374 2713; x_wconf 89' lang='lat' dir='ltr'><strong>Pax.</strong></span> <span class='ocrx_word' id='word_1_161' title='bbox 406 2645 503 2735; x_wconf 84' lang='lat'>123):</span> <span class='ocrx_word' id='word_1_162' title='bbox 538 2646 624 2713; x_wconf 91' lang='lat' dir='ltr'><strong>hunc</strong></span> <span class='ocrx_word' id='word_1_163' title='bbox 646 2649 824 2713; x_wconf 87' lang='lat' dir='ltr'><strong>Demetrius</strong></span> <span class='ocrx_word' id='word_1_164' title='bbox 847 2648 995 2714; x_wconf 90' lang='lat' dir='ltr'><strong>maluerit</strong></span> <span class='ocrx_word' id='word_1_165' title='bbox 1017 2649 1100 2714; x_wconf 88' lang='lat' dir='ltr'><strong>inter</strong></span> <span class='ocrx_word' id='word_1_166' title='bbox 1121 2649 1276 2739; x_wconf 90' lang='lat' dir='ltr'><strong>ignobiles</strong></span> <span class='ocrx_word' id='word_1_167' title='bbox 1297 2673 1345 2715; x_wconf 89' lang='lat' dir='ltr'><strong>re·</strong></span> 
     </span>
     <span class='ocr_line' id='line_1_22' title="bbox 176 2765 1133 2856; baseline 0.004 -26"><span class='ocrx_word' id='word_1_168' title='bbox 176 2765 319 2850; x_wconf 89' lang='lat' dir='ltr'><strong>linquere</strong></span> <span class='ocrx_word' id='word_1_169' title='bbox 341 2790 435 2852; x_wconf 92' lang='lat' dir='ltr'><strong>quam</strong></span> <span class='ocrx_word' id='word_1_170' title='bbox 461 2779 496 2832; x_wconf 90' lang='lat' dir='ltr'><strong>ut</strong></span> <span class='ocrx_word' id='word_1_171' title='bbox 519 2769 743 2848; x_wconf 62' lang='lat' dir='ltr'><strong>apocarteresin</strong></span> <span class='ocrx_word' id='word_1_172' title='bbox 769 2768 960 2844; x_wconf 80' lang='grc' dir='ltr'><em>Ζηνοδότενον</em></span> <span class='ocrx_word' id='word_1_173' title='bbox 984 2770 1133 2856; x_wconf 83' lang='lat' dir='ltr'><strong>recipere.</strong></span> 
     </span>
     <span class='ocr_line' id='line_1_23' title="bbox 221 2884 1242 2969; baseline 0.004 -19"><span class='ocrx_word' id='word_1_174' title='bbox 221 2884 343 2960; x_wconf 76' lang='grc' dir='ltr'><em>ἔνατος,</em></span> <span class='ocrx_word' id='word_1_175' title='bbox 369 2888 639 2968; x_wconf 71' lang='grc' dir='ltr'><em>Ἀδραμυττηνὸς,</em></span> <span class='ocrx_word' id='word_1_176' title='bbox 665 2888 909 2969; x_wconf 75' lang='grc' dir='ltr'><em>γραμματικὸς,</em></span> <span class='ocrx_word' id='word_1_177' title='bbox 935 2888 1110 2963; x_wconf 80' lang='grc' dir='ltr'><em>ἕτναληίείς</em></span> <span class='ocrx_word' id='word_1_178' title='bbox 1133 2888 1242 2966; x_wconf 80' lang='grc' dir='ltr'><em>Ἰξίων.</em></span> 
     </span>
    </p>

    <p class='ocr_par' dir='ltr' id='par_1_5' title="bbox 175 3005 1409 4409">
     <span class='ocr_line' id='line_1_24' title="bbox 175 3005 1345 3093; baseline 0.003 -24"><span class='ocrx_word' id='word_1_179' title='bbox 175 3005 266 3070; x_wconf 87' lang='lat' dir='ltr'><strong>Ixion</strong></span> <span class='ocrx_word' id='word_1_180' title='bbox 288 3006 410 3092; x_wconf 88' lang='lat' dir='ltr'><strong>primus</strong></span> <span class='ocrx_word' id='word_1_181' title='bbox 432 3030 472 3071; x_wconf 86' lang='lat' dir='ltr'><strong>ex</strong></span> <span class='ocrx_word' id='word_1_182' title='bbox 494 3007 639 3072; x_wconf 90' lang='lat' dir='ltr'><strong>omnibus</strong></span> <span class='ocrx_word' id='word_1_183' title='bbox 662 3006 766 3072; x_wconf 89' lang='lat' dir='ltr'><strong>adhuc</strong></span> <span class='ocrx_word' id='word_1_184' title='bbox 789 3007 948 3072; x_wconf 87' lang='lat' dir='ltr'><strong>recensitis</strong></span> <span class='ocrx_word' id='word_1_185' title='bbox 971 3016 1033 3086; x_wconf 90' lang='lat' dir='ltr'><strong>est,</strong></span> <span class='ocrx_word' id='word_1_186' title='bbox 1058 3030 1115 3093; x_wconf 91' lang='lat' dir='ltr'><strong>per</strong></span> <span class='ocrx_word' id='word_1_187' title='bbox 1138 3030 1233 3093; x_wconf 86' lang='lat' dir='ltr'><strong>quem</strong></span> <span class='ocrx_word' id='word_1_188' title='bbox 1253 3008 1345 3074; x_wconf 87' lang='lat' dir='ltr'><strong>licere</strong></span> 
     </span>
     <span class='ocr_line' id='line_1_25' title="bbox 176 3125 1345 3216; baseline 0 -24"><span class='ocrx_word' id='word_1_189' title='bbox 176 3149 241 3192; x_wconf 92' lang='lat' dir='ltr'><strong>nou</strong></span> <span class='ocrx_word' id='word_1_190' title='bbox 266 3125 409 3204; x_wconf 89' lang='lat' dir='ltr'><strong>videtur,</strong></span> <span class='ocrx_word' id='word_1_191' title='bbox 435 3136 470 3190; x_wconf 93' lang='lat' dir='ltr'><strong>ut</strong></span> <span class='ocrx_word' id='word_1_192' title='bbox 492 3127 650 3192; x_wconf 88' lang='lat' dir='ltr'><strong>Demetrio</strong></span> <span class='ocrx_word' id='word_1_193' title='bbox 672 3128 811 3214; x_wconf 89' lang='lat' dir='ltr'><strong>Magneti</strong></span> <span class='ocrx_word' id='word_1_194' title='bbox 834 3126 1010 3216; x_wconf 87' lang='lat' dir='ltr'><strong>catalogos,</strong></span> <span class='ocrx_word' id='word_1_195' title='bbox 1035 3149 1054 3192; x_wconf 93' lang='lat' dir='ltr'><strong>a</strong></span> <span class='ocrx_word' id='word_1_196' title='bbox 1077 3128 1216 3215; x_wconf 86' lang='lat' dir='ltr'><strong>Diogene</strong></span> <span class='ocrx_word' id='word_1_197' title='bbox 1238 3151 1345 3194; x_wconf 89' lang='lat' dir='ltr'><strong>serva-</strong></span> 
     </span>
     <span class='ocr_line' id='line_1_26' title="bbox 176 3244 1344 3334; baseline 0 -24"><span class='ocrx_word' id='word_1_198' title='bbox 176 3256 241 3323; x_wconf 90' lang='lat' dir='ltr'><strong>tos,</strong></span> <span class='ocrx_word' id='word_1_199' title='bbox 278 3244 455 3312; x_wconf 81' lang='lat' dir='ltr'><strong>reddamus</strong></span> <span class='ocrx_word' id='word_1_200' title='bbox 502 3247 649 3333; x_wconf 88' lang='lat' dir='ltr'><strong>Legimus</strong></span> <span class='ocrx_word' id='word_1_201' title='bbox 682 3247 766 3312; x_wconf 90' lang='lat' dir='ltr'><strong>enim</strong></span> <span class='ocrx_word' id='word_1_202' title='bbox 800 3246 885 3334; x_wconf 89' lang='lat' dir='ltr'><strong>apud</strong></span> <span class='ocrx_word' id='word_1_203' title='bbox 917 3246 1045 3312; x_wconf 89' lang='lat' dir='ltr'><strong>Suidam</strong></span> <span class='ocrx_word' id='word_1_204' title='bbox 1071 3270 1100 3314; x_wconf 90' lang='lat' dir='ltr'><strong>v.</strong></span> <span class='ocrx_word' id='word_1_205' title='bbox 1130 3248 1306 3328; x_wconf 74' lang='grc' dir='ltr'><em>Δημήτριος</em></span> <span class='ocrx_word' id='word_1_206' title='bbox 1332 3247 1344 3310; x_wconf 82' lang='grc' dir='ltr'><em>ὂ</em></span> 
     </span>
     <span class='ocr_line' id='line_1_27' title="bbox 176 3363 1345 3453; baseline 0.003 -25"><span class='ocrx_word' id='word_1_207' title='bbox 176 3363 292 3441; x_wconf 79' lang='grc' dir='ltr'><em>Ἰξίων,</em></span> <span class='ocrx_word' id='word_1_208' title='bbox 316 3365 458 3430; x_wconf 87' lang='lat' dir='ltr'><strong>Ixionem</strong></span> <span class='ocrx_word' id='word_1_209' title='bbox 478 3363 571 3430; x_wconf 85' lang='lat' dir='ltr'><strong>fuisse</strong></span> <span class='ocrx_word' id='word_1_210' title='bbox 591 3366 676 3431; x_wconf 74' lang='grc' dir='ltr'><em>κατὰ</em></span> <span class='ocrx_word' id='word_1_211' title='bbox 696 3368 767 3440; x_wconf 81' lang='grc' dir='ltr'><em>τοὺς</em></span> <span class='ocrx_word' id='word_1_212' title='bbox 793 3367 977 3446; x_wconf 75' lang='grc' dir='ltr'><em>Αὐγούστου</em></span> <span class='ocrx_word' id='word_1_213' title='bbox 996 3366 1140 3447; x_wconf 56' lang='lat' dir='ltr'><strong>medaeam</strong></span> <span class='ocrx_word' id='word_1_214' title='bbox 1166 3371 1227 3433; x_wconf 89' lang='lat' dir='ltr'><strong>iam</strong></span> <span class='ocrx_word' id='word_1_215' title='bbox 1248 3389 1345 3453; x_wconf 89' lang='lat' dir='ltr'><strong>quum</strong></span> 
     </span>
     <span class='ocr_line' id='line_1_28' title="bbox 178 3485 1391 3575; baseline 0.003 -27"><span class='ocrx_word' id='word_1_216' title='bbox 178 3494 298 3549; x_wconf 88' lang='lat' dir='ltr'><strong>constat</strong></span> <span class='ocrx_word' id='word_1_217' title='bbox 316 3485 511 3550; x_wconf 90' lang='lat' dir='ltr'><strong>Demetrium</strong></span> <span class='ocrx_word' id='word_1_218' title='bbox 529 3486 722 3572; x_wconf 87' lang='lat' dir='ltr'><strong>Magnetem,</strong></span> <span class='ocrx_word' id='word_1_219' title='bbox 744 3487 863 3552; x_wconf 88' lang='lat' dir='ltr'><strong>etiamsi</strong></span> <span class='ocrx_word' id='word_1_220' title='bbox 876 3486 1042 3574; x_wconf 86' lang='lat' dir='ltr'><strong>recepisset</strong></span> <span class='ocrx_word' id='word_1_221' title='bbox 1052 3489 1233 3575; x_wconf 88' lang='lat' dir='ltr'><strong>scriptores,</strong></span> <span class='ocrx_word' id='word_1_222' title='bbox 1247 3510 1344 3574; x_wconf 90' lang='lat' dir='ltr'><strong>quum</strong></span> <span class='ocrx_word' id='word_1_223' title='bbox 1388 3489 1391 3496; x_wconf 73' lang='grc'>’</span> 
     </span>
     <span class='ocr_line' id='line_1_29' title="bbox 177 3603 1409 3697; baseline 0.004 -27"><span class='ocrx_word' id='word_1_224' title='bbox 177 3605 210 3670; x_wconf 89' lang='lat' dir='ltr'><strong>in</strong></span> <span class='ocrx_word' id='word_1_225' title='bbox 241 3603 405 3670; x_wconf 90' lang='lat' dir='ltr'><strong>scribendo</strong></span> <span class='ocrx_word' id='word_1_226' title='bbox 435 3614 605 3691; x_wconf 86' lang='lat' dir='ltr'><strong>occupatus</strong></span> <span class='ocrx_word' id='word_1_227' title='bbox 635 3615 730 3683; x_wconf 89' lang='lat' dir='ltr'><strong>esset,</strong></span> <span class='ocrx_word' id='word_1_228' title='bbox 762 3608 960 3692; x_wconf 89' lang='lat' dir='ltr'><strong>superstites,</strong></span> <span class='ocrx_word' id='word_1_229' title='bbox 994 3617 1100 3673; x_wconf 88' lang='lat' dir='ltr'><strong>tamen</strong></span> <span class='ocrx_word' id='word_1_230' title='bbox 1123 3608 1271 3697; x_wconf 88' lang='lat' dir='ltr'><strong>ignorare</strong></span> <span class='ocrx_word' id='word_1_231' title='bbox 1294 3606 1344 3672; x_wconf 88' lang='lat' dir='ltr'><strong>de·</strong></span> <span class='ocrx_word' id='word_1_232' title='bbox 1408 3607 1409 3678; x_wconf 62' lang='grc' dir='ltr'>ἒ</span> 
     </span>
     <span class='ocr_line' id='line_1_30' title="bbox 177 3723 1409 3816; baseline 0.002 -26"><span class='ocrx_word' id='word_1_233' title='bbox 177 3723 282 3792; x_wconf 86' lang='lat' dir='ltr'><strong>buisse</strong></span> <span class='ocrx_word' id='word_1_234' title='bbox 311 3725 448 3814; x_wconf 88' lang='lat' dir='ltr'><strong>Augusti</strong></span> <span class='ocrx_word' id='word_1_235' title='bbox 480 3734 679 3792; x_wconf 85' lang='lat' dir='ltr'><strong>coaetaneos:</strong></span> <span class='ocrx_word' id='word_1_236' title='bbox 707 3725 802 3792; x_wconf 90' lang='lat' dir='ltr'><strong>simul</strong></span> <span class='ocrx_word' id='word_1_237' title='bbox 824 3737 954 3814; x_wconf 90' lang='lat' dir='ltr'><strong>apparet</strong></span> <span class='ocrx_word' id='word_1_238' title='bbox 976 3727 1149 3793; x_wconf 89' lang='lat' dir='ltr'><strong>istiusmodi</strong></span> <span class='ocrx_word' id='word_1_239' title='bbox 1171 3727 1342 3816; x_wconf 85' lang='lat' dir='ltr'><strong>catalogos,</strong></span> <span class='ocrx_word' id='word_1_240' title='bbox 1408 3765 1409 3770; x_wconf 23' lang='grc' dir='ltr'><em>ν</em></span> 
     </span>
     <span class='ocr_line' id='line_1_31' title="bbox 179 3843 1344 3934; baseline 0.003 -26"><span class='ocrx_word' id='word_1_241' title='bbox 179 3843 237 3909; x_wconf 90' lang='lat' dir='ltr'><strong>ubi</strong></span> <span class='ocrx_word' id='word_1_242' title='bbox 263 3844 373 3924; x_wconf 86' lang='lat' dir='ltr'><strong>lxiou,</strong></span> <span class='ocrx_word' id='word_1_243' title='bbox 404 3846 540 3933; x_wconf 87' lang='lat' dir='ltr'><strong>Augusti</strong></span> <span class='ocrx_word' id='word_1_244' title='bbox 569 3845 694 3932; x_wconf 84' lang='lat' dir='ltr'><strong>quidem</strong></span> <span class='ocrx_word' id='word_1_245' title='bbox 725 3847 880 3934; x_wconf 90' lang='lat' dir='ltr'><strong>aequalis,</strong></span> <span class='ocrx_word' id='word_1_246' title='bbox 905 3847 959 3912; x_wconf 91' lang='lat' dir='ltr'><strong>alii</strong></span> <span class='ocrx_word' id='word_1_247' title='bbox 981 3848 1104 3913; x_wconf 90' lang='lat' dir='ltr'><strong>auctori</strong></span> <span class='ocrx_word' id='word_1_248' title='bbox 1125 3846 1344 3934; x_wconf 91' lang='lat' dir='ltr'><strong>relinquendos</strong></span> 
     </span>
     <span class='ocr_line' id='line_1_32' title="bbox 178 3962 1344 4053; baseline 0.003 -26"><span class='ocrx_word' id='word_1_249' title='bbox 178 3985 254 4028; x_wconf 86' lang='lat' dir='ltr'><strong>esse.</strong></span> <span class='ocrx_word' id='word_1_250' title='bbox 301 3962 413 4030; x_wconf 89' lang='lat' dir='ltr'><strong>Suidas</strong></span> <span class='ocrx_word' id='word_1_251' title='bbox 446 3975 551 4032; x_wconf 84' lang='lat' dir='ltr'><strong>tamen</strong></span> <span class='ocrx_word' id='word_1_252' title='bbox 582 3989 646 4032; x_wconf 90' lang='lat' dir='ltr'><strong>non</strong></span> <span class='ocrx_word' id='word_1_253' title='bbox 676 3966 702 4030; x_wconf 93' lang='lat' dir='ltr'><strong>is</strong></span> <span class='ocrx_word' id='word_1_254' title='bbox 732 3977 793 4045; x_wconf 89' lang='lat' dir='ltr'><strong>est,</strong></span> <span class='ocrx_word' id='word_1_255' title='bbox 824 3968 879 4053; x_wconf 88' lang='lat' dir='ltr'><strong>qui</strong></span> <span class='ocrx_word' id='word_1_256' title='bbox 901 3989 959 4033; x_wconf 92' lang='lat' dir='ltr'><strong>nos</strong></span> <span class='ocrx_word' id='word_1_257' title='bbox 981 3966 1170 4048; x_wconf 85' lang='lat' dir='ltr'><strong>confundat,</strong></span> <span class='ocrx_word' id='word_1_258' title='bbox 1195 3989 1287 4047; x_wconf 91' lang='lat' dir='ltr'><strong>nam,</strong></span> <span class='ocrx_word' id='word_1_259' title='bbox 1311 3975 1344 4032; x_wconf 90' lang='lat' dir='ltr'><strong>ut</strong></span> 
     </span>
     <span class='ocr_line' id='line_1_33' title="bbox 178 4084 1409 4176; baseline 0.004 -29"><span class='ocrx_word' id='word_1_260' title='bbox 178 4091 307 4162; x_wconf 89' lang='lat' dir='ltr'><strong>notum,</strong></span> <span class='ocrx_word' id='word_1_261' title='bbox 343 4084 401 4149; x_wconf 92' lang='lat' dir='ltr'><strong>nisi</strong></span> <span class='ocrx_word' id='word_1_262' title='bbox 436 4085 563 4152; x_wconf 90' lang='lat' dir='ltr'><strong>aliunde</strong></span> <span class='ocrx_word' id='word_1_263' title='bbox 597 4085 819 4165; x_wconf 87' lang='lat' dir='ltr'><strong>confirmatur,</strong></span> <span class='ocrx_word' id='word_1_264' title='bbox 850 4088 879 4151; x_wconf 93' lang='lat' dir='ltr'><strong>ei</strong></span> <span class='ocrx_word' id='word_1_265' title='bbox 907 4087 983 4154; x_wconf 87' lang='lat' dir='ltr'><strong>tides</strong></span> <span class='ocrx_word' id='word_1_266' title='bbox 1012 4089 1135 4175; x_wconf 91' lang='lat' dir='ltr'><strong>saepius</strong></span> <span class='ocrx_word' id='word_1_267' title='bbox 1163 4085 1345 4176; x_wconf 87' lang='lat' dir='ltr'><strong>deneganda</strong></span> <span class='ocrx_word' id='word_1_268' title='bbox 1408 4093 1409 4144; x_wconf 76' lang='grc' dir='ltr'>ἲ</span> 
     </span>
     <span class='ocr_line' id='line_1_34' title="bbox 179 4200 1409 4296; baseline 0.006 -30"><span class='ocrx_word' id='word_1_269' title='bbox 179 4223 276 4286; x_wconf 86' lang='lat' dir='ltr'><strong>quam</strong></span> <span class='ocrx_word' id='word_1_270' title='bbox 294 4200 453 4284; x_wconf 81' lang='lat' dir='ltr'><strong>habenda3</strong></span> <span class='ocrx_word' id='word_1_271' title='bbox 474 4213 507 4270; x_wconf 91' lang='lat' dir='ltr'><strong>at</strong></span> <span class='ocrx_word' id='word_1_272' title='bbox 527 4205 610 4271; x_wconf 91' lang='lat' dir='ltr'><strong>idem</strong></span> <span class='ocrx_word' id='word_1_273' title='bbox 635 4229 700 4272; x_wconf 91' lang='lat' dir='ltr'><strong>uuo</strong></span> <span class='ocrx_word' id='word_1_274' title='bbox 722 4213 830 4272; x_wconf 87' lang='lat' dir='ltr'><strong>tenore</strong></span> <span class='ocrx_word' id='word_1_275' title='bbox 854 4204 954 4272; x_wconf 90' lang='lat' dir='ltr'><strong>addit:</strong></span> <span class='ocrx_word' id='word_1_276' title='bbox 979 4207 1162 4291; x_wconf 61' lang='grc' dir='ltr'><em>,ἐπεκλήθη</em></span> <span class='ocrx_word' id='word_1_277' title='bbox 1183 4206 1215 4272; x_wconf 78' lang='grc' dir='ltr'><strong>δὲ</strong></span> <span class='ocrx_word' id='word_1_278' title='bbox 1236 4209 1341 4278; x_wconf 83' lang='grc' dir='ltr'><em>τοῦτο,</em></span> <span class='ocrx_word' id='word_1_279' title='bbox 1408 4293 1409 4296; x_wconf 9' lang='lat'>¹</span> 
     </span>
     <span class='ocr_line' id='line_1_35' title="bbox 179 4320 1344 4409; baseline 0.005 -27"><span class='ocrx_word' id='word_1_280' title='bbox 179 4321 219 4391; x_wconf 78' lang='grc' dir='ltr'><strong>ὡς</strong></span> <span class='ocrx_word' id='word_1_281' title='bbox 252 4320 311 4399; x_wconf 79' lang='grc' dir='ltr'><strong>μέν</strong></span> <span class='ocrx_word' id='word_1_282' title='bbox 342 4347 439 4400; x_wconf 84' lang='grc' dir='ltr'><em>τινες,</em></span> <span class='ocrx_word' id='word_1_283' title='bbox 477 4325 551 4392; x_wconf 86' lang='grc' dir='ltr'><em>δνίτν</em></span> <span class='ocrx_word' id='word_1_284' title='bbox 581 4326 712 4400; x_wconf 82' lang='grc' dir='ltr'><em>λετίδας</em></span> <span class='ocrx_word' id='word_1_285' title='bbox 745 4329 866 4409; x_wconf 67' lang='grc' dir='ltr'><em>χρυσοῖς</em></span> <span class='ocrx_word' id='word_1_286' title='bbox 893 4327 1035 4395; x_wconf 78' lang='grc' dir='ltr'><em>κλέπτον</em></span> <span class='ocrx_word' id='word_1_287' title='bbox 1061 4332 1115 4394; x_wconf 80' lang='grc' dir='ltr'><strong>τοῦ</strong></span> <span class='ocrx_word' id='word_1_288' title='bbox 1141 4327 1172 4392; x_wconf 82' lang='grc' dir='ltr'><strong>ἕν</strong></span> <span class='ocrx_word' id='word_1_289' title='bbox 1197 4323 1344 4405; x_wconf 77' lang='grc' dir='ltr'><em>Ἀλεξαν-</em></span> 
     </span>
    </p>
   </div>
   <div class='ocr_carea' id='block_1_5' title="bbox 0 0 1440 4546">
    <p class='ocr_par' dir='ltr' id='par_1_6' title="bbox 0 0 1440 4546">
     <span class='ocr_line' id='line_1_36' title="bbox 0 0 1440 4546; baseline 0 0"><span class='ocrx_word' id='word_1_290' title='bbox 0 0 1440 4546; x_wconf 95' lang='lat' dir='ltr'><strong> </strong></span> 
     </span>
    </p>
   </div>
  </div>
 </body>
</html>
