2848 4546
620 299 660 361 77

45 516 141 582 chius
164 515 203 582 de
225 517 354 582 Pnnaet.
376 541 407 606 p.
434 517 491 596 15,
521 516 739 584 demonstrans
762 521 939 599 Zenonem,
963 519 1127 610 Chrysippi
1151 548 1224 591 suo-

45 658 226 715 cessorem,
252 635 387 704 enndem
411 636 505 704 fnisse
528 647 623 725 atque
647 641 806 704 Zenonem
833 641 1027 706 Tarsensem.

623 884 668 953 H.

501 1127 774 1185 ΗΡΑΚΛΕΙΔΑΙ.

93 1360 302 1448 Diogenes
332 1359 366 1423 L.
392 1360 431 1427 V.
459 1359 510 1424 93.
569 1358 722 1438 Γεγόνασι
759 1360 784 1424 δ’
819 1362 1021 1440 Ἡρακλεῖδαι
1050 1388 1222 1445 τεσσαρεσ-

42 1480 196 1545 καίδεκα·
215 1485 331 1560 πρῶτος
357 1479 451 1552 αὐτὸς
478 1473 577 1550 οὗτος·
604 1478 741 1558 δεύτερος
768 1478 898 1556 πολίτης
926 1483 1041 1557 αὐτού,
1066 1483 1222 1566 πυρρίχαις

41 1600 103 1664 καὶ
126 1599 286 1683 φλυαρίας
309 1597 574 1677 συντεταγμένος·
591 1596 711 1678 τρίτος,
732 1606 871 1676 Κυμαῖος
891 1603 1063 1684 γεγραφὼς
1083 1604 1222 1686 Περσικόν

41 1721 77 1784 ἐν
106 1719 201 1786 πέντε
233 1719 386 1798 βιβλίοις·
414 1718 564 1799 τέταρτος
596 1724 736 1795 Κυμαῖος
770 1719 865 1800 ῥήτωρ
893 1720 1012 1800 τέχνας
1036 1725 1222 1806 γεγραφώς·

41 1839 218 1919 πέμπτος,
241 1840 463 1911 Καλλατιανὸς
495 1838 529 1928 (l.
556 1837 767 1928 Καλακτῖνος)
796 1839 812 1915 ἢ
838 1839 1077 1922 Ἀλεξανδρεύς,
1103 1868 1224 1924 γεγρα-

41 1964 116 2044 φὼς
138 1963 193 2036 τὴν
211 1960 359 2040 διαδοχὴν
380 1961 410 2024 ἐν
433 1955 468 2036 ἓξ
485 1958 624 2037 βιβλίοις
644 1958 696 2022 καί
717 1958 934 2037 Λεμβευτικὸν
956 1958 1068 2038 λόγον,
1085 1957 1148 2028 όθεν
1168 1964 1221 2028 καί

39 2080 183 2159 Λέμβος
217 2081 374 2144 ἐκαλεῖτο·
413 2075 500 2150 ἐκτος
538 2077 761 2160 Ἀλεξανδρεύς
796 2080 968 2161 γεγραφὼς
1008 2080 1051 2144 τόν
1084 2083 1222 2162 Περσικόν

41 2199 221 2276 ἰδιώματα·
251 2195 401 2276 ἕβδομος,
441 2197 634 2270 διαλεκτικός
669 2200 906 2278 Βαργυληΐτης,
942 2203 1016 2264 κατ’
1041 2203 1222 2286 Ἐπικούρου

42 2319 239 2400 γεγραφώς·
264 2316 367 2397 όγδοος
390 2318 493 2398 ἱατρός
514 2318 573 2382 τῶν
596 2319 659 2382 νέπό
681 2318 821 2384 Ἱκεσίου·
848 2318 954 2392 ἐνατος
977 2321 1080 2402 ἱατρός
1096 2329 1223 2402 Ταραν-

43 2445 131 2508 τῖνος
155 2436 343 2518 ἐμπειρικός·
361 2436 490 2508 δέκατος
513 2436 684 2512 ποιητικός,
710 2437 1117 2523 Παραινέσειςγεγραφύς·
1142 2440 1222 2506 ἑνδέ-

45 2581 145 2629 κατος
173 2557 419 2638 ἀνδριαντοποιὸς
452 2556 610 2628 Φωκαεύς·
633 2555 801 2628 δωδέκατος
824 2556 1077 2640 ἐπιγραμμοίταν
1094 2562 1221 2636 ποιητης

44 2674 187 2757 λιγυρός·
226 2675 477 2757 τριςκαιδέκατος
507 2674 665 2754 Μοίγνης,
696 2677 906 2757 Μιθριδατικὰ
938 2679 1122 2760 γεγραφώς·
1149 2706 1223 2758 τεσ-

45 2796 328 2877 σαρεςκαιδέκατσς
351 2795 627 2876 ἀστρολογούμενα
651 2797 834 2878 γεγραφώς.

93 2923 233 2996 πρῶτος,
264 2916 357 2987 αὐτὸς
380 2911 476 2988 ούτος.
513 2917 679 3006 Diogen.
703 2917 737 2983 L.
761 2918 800 2985 V.
826 2918 879 2985 89.
916 2926 1013 2985 Δοκεῖ
1043 2919 1073 2984 δὲ
1091 2921 1142 2986 καὶ
1165 2923 1221 2998 τὴν

45 3037 187 3119 πατρίδα
219 3035 460 3117 τυραννουμένην
494 3038 693 3118 ἐλευθερῶσαι
723 3025 775 3101 τὸν
812 3036 968 3119 μόναρχον
1000 3039 1144 3116 κτείνας,
1183 3041 1220 3117 όίς

46 3163 127 3240 φησι
158 3160 334 3238 Δημήτριος
364 3157 377 3220 ό
406 3155 544 3235 Μοίγνης
573 3159 604 3222 ἐν
637 3157 817 3236 όμιονύμοις.
860 3156 890 3230 ἐς
917 3157 969 3223 καί
997 3158 1110 3225 τοιόνδε
1136 3162 1221 3227 ίστο-

47 3286 94 3356 ρεῖ
127 3278 195 3359 περί
229 3280 338 3343 αὐτοῦ·
376 3277 517 3360 ,,θρέψαι
548 3279 641 3342 αὐτόν
673 3278 825 3357 δροόκοντα
851 3279 885 3342 ἐκ
905 3277 971 3342 νέου
994 3279 1046 3344 καί
1075 3280 1220 3358 αὐξηθέν-

47 3421 107 3469 τα,
143 3397 248 3471 ἐπειδη
285 3399 439 3461 τελευταῖν
464 3381 605 3474 ἐμελλε,
636 3396 787 3462 κελεῦσαί
810 3421 869 3462 τινι
893 3403 952 3462 τῶν
978 3404 1094 3464 πιστῶν
1123 3401 1219 3466 αὑτοῦ

46 3516 81 3580 πθ
114 3522 207 3596 σῶμα
236 3515 461 3597 κατακρύψαι,
488 3516 540 3580 τόν
569 3516 600 3580 δὲ
631 3510 783 3596 δροίκοντα
813 3517 863 3582 ἐπὶ
894 3525 950 3592 τῆς
974 3517 1080 3595 κλίνης
1103 3520 1219 3594 θεῖναι,

47 3633 97 3699 ἵνα
130 3633 243 3712 δόξειεν
276 3637 319 3708 είς
352 3637 434 3709 θεοὺς
469 3635 742 3715 μεταβεβηκέναι.
795 3638 918 3716 ἐγένετο
947 3639 978 3704 δὲ
1011 3637 1130 3703 ποίντα·
1165 3640 1218 3704 καί

48 3755 171 3833 μεταξὺ
199 3755 473 3836 παραπεμπόντων
495 3756 698 3838 Ἡρακλείδην
723 3763 782 3822 τοῖν
797 3755 941 3823 πολιτῶν
962 3758 1015 3824 καί
1042 3757 1220 3840 εὐφημούν-

48 3899 125 3954 τιον,
159 3874 173 3938 ό
209 3873 325 3957 δροόκαν
358 3875 496 3950 οίκούσας
530 3883 586 3950 τῆς
616 3876 745 3955 ἐπιβοῆς
782 3877 868 3955 ἐξέδυ
905 3884 964 3942 τῶν
1002 3877 1135 3957 ίματίοον
1164 3878 1218 3945 καὶ

49 3994 212 4075 διετοίραξε
236 3997 306 4069 τοὺς
329 3997 507 4070 πλείστους.
538 3994 661 4078 ὕστερον
685 3997 789 4076 μέντοι
814 3996 1013 4080 ἐξεκαλύφθη
1036 3995 1144 4062 πιόντα
1165 3997 1218 4063 καὶ

50 4113 132 4197 ὤφθη
159 4117 362 4196 Ἡρακλείδης
396 4120 457 4198 οὐχ
492 4114 550 4191 οἷος
582 4116 694 4192 ἐδόκει,
731 4106 808 4182 ἀλλ’
840 4113 898 4191 οἷος
929 4112 999 4191 ἦν.”
1032 4154 1078 4168 ·—-
1110 4120 1220 4180 ταῦτα

51 4235 81 4301 δέ
103 4241 182 4318 φησι
206 4237 259 4302 καί
284 4237 480 4318 Ἱππόβοτος.
548 4329 549 4332 ¹

93 4357 105 4420 ὁ
122 4355 278 4438 μόναρχος
304 4358 362 4424 fuit
385 4357 576 4441 Clearchus,
601 4359 640 4426 ab
660 4361 696 4424 iis
716 4358 770 4445 qui
789 4357 936 4426 favebant
947 4356 1133 4446 optimatum
1147 4376 1219 4442 pnr-
