2822 4540
707 271 748 332 48

155 506 240 564 recte
262 493 399 573 dixerat,
425 515 444 558 a
464 490 606 559 Bentleio
629 490 711 556 male
734 491 811 558 duos
840 493 993 582 Archytas
1009 491 1223 582 Pythagoreos
1234 493 1322 562 fictos

154 618 265 694 fuisse,
288 613 405 680 addidit
427 612 574 700 deceptus
596 612 748 680 Varronis
771 612 841 678 loco
860 623 892 678 et
911 613 1059 679 Demetrii
1077 612 1135 678 hos
1154 637 1220 680 esse
1238 615 1321 696 ὅμω-

154 737 254 817 νύμων
287 734 444 823 catalogus
472 733 637 822 ignorans:
676 741 864 818 „praeterea
895 731 1080 821 philosopho
1109 732 1260 801 tribuitur
1290 744 1321 802 et

153 881 233 945 opus
254 855 293 922 de
309 853 506 943 agricultura
524 861 555 918 et
573 851 785 932 ddcprormd,
809 863 840 917 et-
858 863 894 918 ut
912 853 965 918 alii
984 852 1062 918 haec
1077 851 1145 918 aliis
1162 852 1318 935 tribuant,

152 989 256 1045 tamen
280 997 345 1040 non
369 972 538 1039 abhorrent
555 993 579 1042 ,a
602 970 686 1049 viro,
711 969 770 1056 ‘qui
798 993 862 1036 non
893 971 995 1038 solum
1024 973 1057 1036 in
1085 971 1320 1042 sublimioribus

118 1081 119 1084 Ἴ
152 1096 246 1164 rebus
274 1103 342 1160 erat
370 1101 557 1179 occupatus,
588 1089 641 1156 sed
666 1091 761 1155 etiam
784 1089 971 1176 quotidianis
993 1113 1121 1177 operam
1147 1092 1318 1162 navabat''.

151 1218 219 1283 Iam
249 1237 324 1280 vero
352 1211 542 1300 Pythagorei
573 1232 671 1296 quum
695 1208 824 1277 edidisse
847 1208 993 1276 feruntur
1016 1212 1258 1278 commentarios
1281 1212 1320 1279 de

152 1359 187 1402 re
210 1335 326 1402 cibaria
351 1330 474 1422 (lambi.
499 1329 590 1417 Pyth.
608 1352 635 1396 c.
654 1327 730 1417 34),
755 1329 810 1416 qui
833 1331 1048 1396 commentarii
1067 1332 1170 1419 potius
1193 1331 1233 1397 ad
1252 1356 1320 1399 me·

151 1454 288 1520 dicinam
318 1473 413 1538 quam
436 1448 476 1514 ad
498 1448 572 1530 ὄψον
595 1446 773 1534 parandum
796 1450 1020 1534 spectaverint,
1052 1472 1216 1536 quumque
1239 1473 1319 1518 con-

151 1582 212 1640 stat
240 1570 402 1658 Archytan
432 1567 638 1633 Tarentinum
670 1567 807 1634 musicae
830 1567 983 1634 studuisse
1008 1568 1212 1657 (Grtfenhan.
1245 1568 1268 1638 l.
1296 1570 1318 1636 l.

152 1692 229 1760 Zell.
243 1692 275 1756 in
292 1689 394 1755 Paulii
405 1687 494 1754 Thes.
508 1709 538 1754 v.
559 1686 771 1774 Archytas,
796 1687 915 1754 Fabric.
928 1688 964 1755 Β.
977 1687 1034 1755 Gr.
1046 1689 1072 1754 I.
1087 1689 1162 1756 395.
1176 1688 1225 1756 cd.
1241 1691 1317 1782 1⁸⁸),

151 1809 351 1900 suspicareris
372 1808 416 1873 τὰ
438 1807 634 1889 ὂψαρτυτικὰ
658 1816 690 1872 et
711 1807 754 1872 rol
776 1806 843 1889 περὶ
869 1807 971 1873 αὐλῶν
994 1817 1100 1893 postea
1126 1831 1145 1873 a
1167 1808 1318 1890 falsariis,

151 1933 198 1998 uti
227 1930 288 1997 alia
317 1950 430 2015 opera,
465 1925 567 2017 (Febr.
591 1927 633 1992 'B.
658 1926 714 1994 Gr.
738 1927 764 1993 1.
789 1925 867 2014 394)
894 1924 1078 2013 philosopho
1101 1926 1178 1993 false
1200 1930 1319 1997 tributa

150 2052 260 2131 larissa,
291 2047 376 2137 quod
399 2048 549 2135 ignorans
570 2046 767 2125 Athenaeus,
800 2045 885 2112 solus
907 2046 1073 2132 utriusque
1094 2048 1196 2135 operis
1214 2052 1316 2130 testis,
1398 2133 1399 2138 ἵ

148 2171 227 2238 haec
249 2168 289 2234 ad
311 2164 529 2254 philosophum
554 2165 722 2245 retulisset;
747 2187 857 2230 verum
874 2165 899 2231 si
910 2177 1111 2253 reputamus,
1131 2167 1316 2235 iamdudum

149 2299 222 2356 ante
256 2287 452 2352 Athenaeum
487 2285 538 2351 vel
571 2287 749 2353 Varronem
778 2305 816 2350 ea
845 2283 1038 2364 confudisse,
1062 2286 1118 2352 illa
1139 2288 1255 2376 scripta
1277 2290 1317 2356 ab

148 2408 311 2474 Athenaeo
341 2405 486 2484 laudata,
518 2427 582 2470 non
614 2403 763 2485 falsariis,
787 2405 841 2471 sed
863 2404 980 2470 librum
1003 2406 1070 2487 περὶ
1095 2408 1198 2472 αὐλῶν
1220 2408 1316 2496 lllyti-
1397 2415 1398 2420 ’

150 2527 261 2594 lenaeo
289 2526 409 2592 musico
438 2534 470 2589 et
501 2522 544 2590 sd
578 2525 776 2606 ὀψαρτυτικδι
806 2525 1098 2615 epigrammatario,
1129 2527 1189 2614 nisi
1218 2528 1318 2593 mavis

150 2647 197 2714 rei
219 2646 354 2714 rusticae
376 2642 536 2729 scriptori,
561 2642 701 2710 tribuere
723 2643 837 2712 licebit.

604 2890 858 2947 ΑΤΤΑΛΕΙΑΙ.

194 3126 429 3214 Stephanus
460 3124 550 3212 Byz.
588 3119 828 3187 ’sardana
878 3119 967 3194 πόλις
1012 3121 1129 3196 Λυδίας
1174 3123 1316 3207 πρότερον

148 3247 313 3332 Ἀγρόειρω
344 3245 361 3323 ἢ
390 3243 555 3326 'Acadama
589 3239 777 3321 καλουμένη.
807 3241 834 3306 οἱ
858 3241 889 3306 δὲ
913 3241 969 3316 τὴν
1001 3241 1144 3316 Κιλικίοις
1179 3245 1315 3328 Κῶρυκον

149 3368 225 3437 οὕτω
249 3364 331 3448 Φασὶ
364 3363 529 3443 λέγεσθαι,
563 3363 601 3435 ὥς
626 3361 822 3442 Δημήτριος,
847 3360 910 3425 ἀπὸ
931 3359 1090 3426 'Arcelaca
1115 3364 1316 3448 Φιλαδέλφου

149 3487 313 3557 κτίσαντος
337 3485 445 3560 αὐτήν.

192 3605 334 3671 Potuerit
362 3603 443 3669 hanc
472 3601 621 3668 Attalium
648 3621 825 3667 memorare
852 3601 1027 3668 Demetrius
1056 3606 1197 3692 Magnes,
1230 3604 1317 3670 side

148 3728 292 3814 Magnete
324 3723 376 3790 hic
410 3721 626 3811 cogitandum,
651 3730 682 3785 et
705 3719 762 3784 sub
789 3719 916 3806 Corycia
942 3731 974 3786 et
999 3722 1057 3787 sub
1078 3722 1215 3805 Attaliis;
1241 3725 1316 3810 quia

147 3867 224 3912 vero
242 3842 435 3930 Stephanus,
456 3843 558 3907 varios
576 3841 712 3926 Corycos
734 3862 915 3918 recensens,
937 3838 1053 3906 horum
1071 3865 1135 3908 non
1154 3845 1313 3924 meminit,

147 3962 315 4032 verisimile
345 3971 391 4028 est
417 3984 491 4028 eum
521 3961 553 4026 in
585 3959 742 4025 Demetrio
773 3958 830 4024 sub
857 3959 1004 4026 lemmate
1027 3961 1214 4029 'Aradum
1236 3964 1314 4030 hacc

147 4084 273 4173 legisse,
297 4081 480 4168 praesertim
505 4103 604 4166 quum
627 4079 775 4145 Demetrii
799 4090 898 4146 aetate
920 4080 1007 4146 urbis
1028 4104 1144 4148 nomen
1166 4083 1229 4148 iam
1248 4106 1312 4150 non

147 4205 302 4289 Corycus,
334 4199 388 4267 sed
417 4198 534 4265 Attalis
559 4207 647 4266 esset.
694 4200 765 4264 Huc
791 4199 925 4280 accedit,
962 4200 1047 4288 quod
1069 4194 1313 4289 Stephanus,sl

147 4318 232 4410 apud
261 4318 454 4428 Demetrium
476 4317 535 4385 sub
558 4318 689 4399 deouor
713 4317 791 4385 haec
813 4320 842 4386 ei
864 4319 946 4387 lecta
968 4321 1113 4402 fuissent,
1145 4342 1207 4387 non
1231 4307 1306 4390 con-
