2822 4540
635 275 677 340 29

64 503 127 567 mis
161 501 272 567 Atticis
307 499 335 565 ei
368 498 408 564 ad
441 519 572 564 manum
606 507 697 564 erant
726 497 779 562 alii
809 498 974 585 scriptores
1005 499 1163 565 Demetrio
1185 509 1241 566 aut

65 621 264 707 antiquiores
285 629 341 684 aut
363 618 509 684 iuniores.

561 767 753 856 (anema)

111 978 305 1067 stephan.
334 981 442 1066 aya:
468 978 646 1052 Ἀλόαία,
672 976 762 1050 τόλις
785 975 960 1042 Ὀλκοόδων·
981 977 1007 1041 οῖ
1029 977 1061 1043 δέ
1081 975 1237 1050 Ὀλιιοόδες

65 1099 146 1173 ἔθνος
177 1098 333 1181 Ἰβηρίας,
362 1098 570 1180 πλησιόχωροι
594 1096 809 1180 Καρχηδόνος,
832 1098 866 1172 ἢν
892 1094 1022 1162 ἐκόλουν
1048 1096 1100 1163 καὶ
1130 1097 1268 1172 ausvis

66 1218 170 1283 πόλιν.
186 1219 221 1283 τό
241 1219 353 1284 ε’όνιιιόν
372 1220 537 1291 Ἀλόαῖος,
555 1220 593 1291 ὥς
610 1220 736 1289 Αῖαῖος,
757 1215 773 1292 ἢ
793 1215 985 1291 Ἀλόαιοότνς
1004 1216 1021 1292 ἢ
1039 1216 1208 1282 ’Λλόαιανό
1227 1267 1235 1281 .

66 1335 194 1418 εὕρομεν
219 1338 251 1402 δὲ
274 1339 305 1402 ἐν
328 1345 400 1409 ταῖς
426 1342 634 1420 συγγραφαῖς
659 1334 837 1415 Δημητρίου
859 1335 1022 1401 Ἀλόαιὲα.

111 1455 218 1524 Verba
234 1458 264 1521 ἐν
284 1465 357 1529 ταῖς
377 1463 587 1540 συγγραφαῖς
608 1477 713 1543 supra,
726 1480 756 1543 p.
775 1457 824 1533 14,
842 1456 1011 1544 attigimus.
1036 1458 1144 1539 Quum
1162 1459 1237 1524 Mei-

64 1575 179 1640 nekius
212 1597 249 1640 ea
282 1575 419 1662 explicat
452 1577 484 1640 in
516 1574 622 1641 Indice
651 1576 757 1642 Auctt.
788 1575 893 1663 steph.
932 1577 1011 1662 Byz.
1034 1597 1092 1662 per
1117 1578 1148 1641 ἐν
1170 1585 1235 1648 τοῖς

65 1695 253 1774 συνωνύμως
280 1695 385 1761 denuo
407 1695 594 1762 substituere
616 1695 726 1764 liceret
750 1697 781 1760 ἐν
801 1705 866 1767 τοῖς
886 1696 1074 1774 όμωνόμοις,
1099 1694 1237 1760 simodo

65 1825 243 1892 constaret,
268 1826 304 1881 ut
326 1814 426 1904 vulgo
445 1825 593 1903 putatur,
615 1815 668 1881 hic
689 1815 883 1880 Demetrium
906 1816 1083 1902 Magnetem
1101 1811 1235 1880 laudari.

64 1935 151 2000 Licet
184 1936 268 2000 enim
303 1935 439 2002 Ἀλόαόα
473 1958 590 2001 nomen
632 1935 748 2021 optime
784 1934 941 2000 Graecum
975 1956 1053 2012 esse,
1087 1932 1238 2023 Meleagri

66 2064 169 2120 mater
205 2062 237 2119 et
270 2053 384 2134 herba,
420 2054 529 2119 Latine
571 2052 676 2118 malva
706 2052 803 2132 dicta,
838 2052 1069 2130 demonstrent,
1101 2050 1236 2138 licetque

66 2173 242 2261 Stephanus
271 2173 359 2238 urbis
380 2196 497 2240 nomen
527 2173 638 2261 legisse
668 2173 806 2260 potuerit
835 2171 919 2259 apud
944 2171 1156 2251 Demetrium,
1180 2170 1236 2237 ubi

65 2293 117 2359 hic
141 2315 171 2359 v.
192 2315 218 2360 c.
243 2291 282 2358 de
304 2293 412 2380 aliquo
434 2299 586 2380 scriptore
609 2293 738 2382 agebat,
763 2291 847 2379 quod
870 2315 910 2358 ne
932 2292 966 2357 in
988 2291 1236 2359 mediterraneae

65 2412 233 2499 Hispaniae
262 2411 341 2478 urbe
371 2412 496 2498 quidem
529 2413 646 2478 mirum
668 2421 763 2488 esset,
797 2410 921 2499 (Polyb.
946 2410 977 2478 3.
1000 2412 1051 2477 13.
1072 2410 1104 2500 5)
1129 2420 1235 2477 tamen

65 2531 186 2597 incerta
204 2532 308 2618 potius
326 2531 404 2598 haee
426 2530 650 2618 relinquenda,
675 2553 775 2618 quum
797 2529 924 2596 nullum
947 2529 1098 2596 Althaeae
1120 2530 1235 2608 όμόνν-

64 2675 123 2729 μον
146 2660 202 2716 aut
224 2673 243 2716 a
265 2651 424 2739 Stephano
446 2653 581 2717 affertur
603 2659 659 2716 aut
681 2649 755 2715 alibi
778 2651 926 2718 occurrit.

510 2898 796 2959 ΑΝΑΞΑΓΟΡΑΙ.

113 3135 155 3200 1.’
178 3133 383 3222 Anaxagoras
406 3132 633 3200 Clazomenius.

110 3253 313 3340 Diogenes
335 3253 369 3318 L.
393 3253 434 3318 ll.
461 3253 514 3320 15.
538 3250 691 3329 Γεγόνασι
720 3253 751 3317 δὲ
780 3253 833 3317 καὶ
865 3250 957 3319 ἄλλοι
988 3261 1069 3332 τρεῖς
1097 3252 1235 3332 Ἀναξα-

65 3370 175 3453 γόραι,
197 3367 236 3436 ὧν
261 3373 291 3436 ἐν
315 3370 410 3437 οὐδενὶ
429 3371 550 3437 πιόντα·
574 3372 649 3437 αλλ’
667 3373 680 3436 ό
695 3372 753 3450 μὲν
775 3367 810 3447 ἦν
828 3373 921 3454 ῥήτωρ
942 3369 1155 3454 Ἰσοιιροότειος·
1174 3371 1188 3435 ό
1208 3373 1234 3438 δ’

64 3491 325 3572 ἀνδριαντοποιός,
368 3486 403 3555 οὗ
436 3491 605 3571 μέμνηται
648 3491 839 3572 Ἀντίγονος·
871 3491 969 3564 ἄλλος
1009 3491 1234 3572 γραμματικός

66 3608 268 3687 Ζηνοδότειος.

108 3730 225 3810 ρἰῖτωρ
249 3728 510 3812 Ἰσοκροότειος.
539 3732 587 3796 Ex
605 3731 717 3796 ultimo
737 3729 891 3796 vocabulo
909 3730 1051 3797 videmus
1070 3731 1235 3798 cuiusnam

65 3847 228 3935 disciplina
250 3871 325 3915 usus
348 3849 443 3916 fuerit
465 3860 496 3916 et
519 3873 657 3937 quanam
680 3860 781 3915 aetate
803 3850 916 3916 vixerit
938 3849 989 3915 hic
1010 3850 1233 3939 Anaxagoras,

66 3991 165 4056 quum
185 3968 223 4036 de
242 3992 280 4035 eo
299 3977 331 4036 et
347 3969 386 4036 de
405 3970 529 4037 duobus
547 3969 677 4057 reliquis
691 3969 869 4036 Demetrius
881 3969 941 4047 ait,
961 3970 992 4032 ἐν
1012 3970 1107 4036 οὐδενὶ
1125 3967 1235 4036 τόντα

64 4088 175 4168 luisse,
199 4112 264 4156 non
287 4112 438 4177 pereum
462 4090 580 4157 factum
605 4090 681 4168 erit,
706 4099 742 4154 ut
760 4111 800 4154 ex
818 4088 962 4155 Isocratis
973 4086 1080 4155 schola
1096 4088 1184 4176 quasi
1196 4111 1236 4154 ax

65 4232 145 4297 equo
168 4210 304 4276 Troiano
326 4211 405 4277 meri
428 4212 584 4300 principes
606 4209 739 4297 profecti
761 4209 832 4276 sint.
873 4207 923 4273 Ad
946 4206 1080 4273 eundem
1103 4207 1236 4273 Ebertus

64 4332 139 4397 Diss.
165 4330 261 4396 Sioul.
285 4333 310 4396 I.
335 4353 365 4420 p.
397 4333 457 4399 101
482 4342 552 4420 post
573 4331 753 4419 Menagium
777 4337 861 4396 recte
880 4337 991 4394 contra
1008 4326 1185 4394 Fabricium
1206 4335 1238 4391 et
