2848 4546
708 285 772 348 112

154 531 249 578 ausus
283 521 329 577 cet
362 510 395 575 in
430 509 552 578 duobus
587 508 680 587 locis,
709 507 793 596 apud
827 505 1013 574 Strabonem
1045 516 1078 573 et
1100 505 1183 594 apud
1214 503 1327 572 Philo-

151 640 304 710 stratum3
330 652 442 695 verum
466 628 551 717 apud
573 628 721 706 tertium,
745 626 911 694 Aelianum
936 627 1013 692 llist.
1036 625 1130 692 Anim
1153 628 1239 695 XVI.
1262 627 1326 703 35,

153 772 228 814 eum
257 750 319 814 iam
350 747 463 815 defecit
491 748 634 827 animus,
666 757 697 812 et
724 769 791 812 rem
815 743 961 832 reliquit,
991 745 1118 832 qualem
1150 746 1326 812 invenerat.

154 869 271 934 Parum
302 867 434 934 curabat
467 868 499 934 in
534 866 644 932 eodem
682 866 887 945 Philostrato,
920 887 1016 951 quem
1052 864 1207 944 tentabat,
1238 865 1328 930 Pho·

151 987 249 1066 tium,
281 1007 300 1052 a
334 1009 366 1052 ee
399 985 581 1066 laudatum,
621 988 683 1051 iam
718 986 872 1051 invenisse
905 984 1082 1068 Ὀρθαγόρᾳ
1118 985 1220 1072 (Phot.
1255 983 1326 1050 cod.

153 1107 215 1170 241
253 1129 284 1192 p.
321 1108 385 1171 327
421 1104 490 1194 B),
523 1129 627 1192 neque
661 1105 862 1183 observabat,
900 1104 995 1170 licere
1038 1105 1165 1192 quidem
1204 1104 1328 1170 nomini

152 1225 245 1304 trito,
283 1233 319 1290 ut
351 1223 538 1307 Πυθαγόρας
574 1224 762 1290 substituere
792 1222 978 1289 insolentius
1008 1223 1224 1306 Ὀρθαγόρας,
1261 1245 1328 1288 non

152 1367 229 1409 vero
258 1342 434 1431 putandum
463 1367 528 1408 esse
555 1344 658 1408 rarius
684 1366 801 1408 nomen
831 1343 1014 1408 successisse
1040 1344 1216 1424 eommuni;
1251 1364 1331 1428 pru·

79 1451 82 1456 ¹
153 1464 278 1530 dentius
315 1466 380 1552 egit
407 1463 560 1529 Mullerus
594 1464 723 1552 (Geogr.
747 1463 822 1527 Min.
851 1463 876 1529 I.
909 1485 940 1549 p.
971 1464 1026 1548 nx)
1057 1461 1136 1528 duos
1165 1472 1330 1538 auctoreS,

152 1607 273 1663 unum,
303 1583 536 1671 Pythagoram,
567 1583 725 1660 alterum,
756 1581 969 1671 Orthagoram
993 1593 1149 1661 statuens.
1181 1582 1332 1668 additque

154 1703 368 1792 Pythagoram
402 1703 493 1767 illum
529 1714 607 1768 natu
638 1702 789 1767 maiorem
831 1701 925 1766 fuisse
961 1701 1162 1788 Euphorione
1201 1701 1331 1790 (Athen.

157 1823 254 1913 634);
279 1845 390 1887 verum
415 1821 468 1887 ille
490 1821 686 1909 Pythagoras
708 1843 884 1907 numquam
905 1820 982 1887 fuit:
1007 1823 1157 1910 ignorant
1171 1844 1245 1886 eum
1265 1819 1332 1886 duo

154 1967 268 2033 graves
294 1952 455 2020 auctores,
488 1942 665 2007 Demetrius
686 1942 815 2028 Magnes
838 1950 869 2004 et
891 1940 1021 2019 Strabo,
1054 1941 1124 2027 qui,
1155 1940 1329 2018 siluisset,

152 2088 226 2130 eum
258 2085 434 2128 memorare
463 2061 656 2138 debuissent,
692 2084 785 2138 nam,
818 2059 1034 2148 Pythagoras,
1057 2071 1093 2124 ut
1122 2059 1249 2146 quidem
1273 2058 1329 2124 ad·
1413 2135 1414 2154 ,

154 2183 219 2248 huc
252 2181 337 2269 apud
370 2181 538 2247 Aelianum
564 2182 603 2247 H.
636 2180 697 2247 An.
724 2182 826 2249 xvll.
853 2181 871 2244 9
896 2179 1027 2258 dicitur,
1064 2181 1188 2246 Gratete
1211 2181 1330 2266 Perga·
1413 2161 1414 2186 ¹

155 2327 248 2372 meno
278 2302 436 2387 antiquior
467 2300 536 2365 fuit.
582 2300 696 2364 Strabo
725 2324 755 2386 p.
790 2300 852 2364 766
881 2298 920 2364 de
950 2300 1030 2365 mari
1057 2299 1156 2364 rubro
1183 2299 1329 2376 locutus,

154 2424 242 2490 novit
264 2432 387 2488 tantum
411 2419 642 2508 Orthagoram,
668 2443 762 2506 quem
783 2441 856 2484 cum
875 2418 1035 2496 Nearcho,
1059 2416 1231 2484 Alexandri
1241 2420 1330 2505 Mag·

155 2543 189 2608 ni
212 2552 382 2607 coaetaneo
404 2540 585 2629 coniungit,
609 2538 694 2605 haud
715 2539 806 2604 aliter
828 2549 923 2625 atque
942 2537 1091 2603 Aelianus
1109 2539 1147 2603 H.
1161 2538 1198 2602 A.
1212 2539 1330 2606 XVI.6

156 2685 176 2728 a
206 2686 270 2749 quo
296 2662 367 2727 loco
396 2660 530 2726 Geierus
559 2682 688 2724 manum
721 2659 822 2724 lausto
852 2658 1017 2736 abstinuit,
1050 2681 1124 2723 cum
1151 2656 1332 2746 Orthagora

158 2782 322 2869 coniungit
362 2779 596 2856 Onesicritum,
640 2777 779 2844 eiusdem
829 2777 1002 2843 Alexandri
1048 2776 1328 2858 αρχιαυβερνατήν.

158 2899 252 2981 Quod
272 2899 452 2965 Athenaeus
473 2908 506 2963 et
527 2898 647 2963 Plinius
669 2897 787 2962 habent
806 2896 934 2984 Pytha
942 2919 1080 2985 goras,
1110 2908 1166 2962 aut
1187 2897 1259 2963 illos
1276 2905 1332 2960 aut

158 3041 218 3085 nos
241 3017 442 3084 ludificantur
464 3017 601 3096 librarii;
627 3041 667 3082 ne
690 3017 811 3082 Plinius
833 3016 978 3103 quidem,
1003 3017 1120 3102 quiex
1143 3016 1223 3082 Iuba
1240 3015 1330 3081 illum

159 3138 389 3226 Pythagoram,
421 3136 592 3202 Ptolemaei
621 3137 705 3224 regis
732 3138 751 3200 i.
775 3160 803 3203 e.
833 3135 970 3224 lagidae
993 3135 1187 3222 praefectum
1210 3107 1330 3212 attulit,

141 3268 304 3345 ‘negasset
330 3278 404 3322 suos
430 3255 528 3321 lubae
552 3255 672 3320 codices
702 3255 741 3320 ab
771 3258 857 3322 omni
880 3256 951 3322 labe
973 3257 1129 3322 immunes
1152 3256 1262 3334 fuisse,
1292 3256 1332 3321 cf.

160 3376 241 3443 Plin.
264 3378 302 3441 N.
327 3379 365 3440 H.
388 3377 442 3445 Vl.
467 3376 520 3442 36.
567 3376 612 3440 De
635 3375 816 3464 Orthagora
838 3376 909 3442 vide
932 3376 1051 3442 Olearii
1074 3387 1181 3442 notam
1201 3374 1240 3440 ad
1260 3375 1333 3440 Phi-

158 3496 280 3562 lostrati
310 3497 406 3562 vitam
437 3494 542 3583 Apoll.
572 3496 629 3562 Ill.
661 3496 723 3574 53,
755 3511 786 3562 et
808 3498 833 3561 I.
858 3497 1003 3566 Vossium
1026 3495 1067 3562 ad
1090 3498 1240 3583 Pompon.
1265 3498 1332 3560 lle-

159 3615 222 3682 lam
245 3617 302 3682 111.
327 3617 359 3684 8.
1214 3611 1216 3616 ’

729 3803 769 3869 Σ.

637 4014 858 4075 ΣΙΜΩΝΕΣ.

208 4220 239 4283 l.
262 4217 370 4282 Simon
394 4216 607 4297 Atheniensis,
632 4219 645 4282 ὁ
669 4218 880 4298 Σκυτοτόμος.

206 4334 407 4422 Diogenes
437 4338 478 4404 ll.
510 4337 585 4403 123.
633 4337 747 4416 Γέγονε
782 4339 813 4404 a
838 4337 891 4403 arri
921 4337 1020 4412 ἄλλος
1045 4337 1150 4418 Σίμων
1174 4338 1332 4420 ῥητορικὰς
