<?xml version="1.0" encoding="UTF-8"?>
<!DOCTYPE html PUBLIC "-//W3C//DTD XHTML 1.0 Transitional//EN"
    "http://www.w3.org/TR/xhtml1/DTD/xhtml1-transitional.dtd">
<html xmlns="http://www.w3.org/1999/xhtml" xml:lang="en" lang="en">
 <head>
  <title>
</title>
<meta http-equiv="Content-Type" content="text/html;charset=utf-8" />
  <meta name='ocr-system' content='tesseract 3.04.00' />
  <meta name='ocr-capabilities' content='ocr_page ocr_carea ocr_par ocr_line ocrx_word'/>
</head>
<body>
  <div class='ocr_page' id='page_1' title='image "./dedemetriomagne00schegoog_0102.png"; bbox 0 0 2848 4546; ppageno 0'>
   <div class='ocr_carea' id='block_1_1' title="bbox 653 288 692 351">
    <p class='ocr_par' dir='ltr' id='par_1_1' title="bbox 653 288 692 351">
     <span class='ocr_line' id='line_1_1' title="bbox 653 288 692 351; baseline -0.077 0"><span class='ocrx_word' id='word_1_1' title='bbox 653 288 692 351; x_wconf 90' lang='lat'>91</span> 
     </span>
    </p>
   </div>
   <div class='ocr_carea' id='block_1_2' title="bbox 83 511 1285 1080">
    <p class='ocr_par' dir='ltr' id='par_1_2' title="bbox 83 511 1285 960">
     <span class='ocr_line' id='line_1_2' title="bbox 83 511 1285 602; baseline 0.003 -26"><span class='ocrx_word' id='word_1_2' title='bbox 83 519 264 578; x_wconf 86' lang='lat' dir='ltr'>nectuntur.</span> <span class='ocrx_word' id='word_1_3' title='bbox 312 513 470 578; x_wconf 84' lang='lat' dir='ltr'>Tarsensis</span> <span class='ocrx_word' id='word_1_4' title='bbox 504 511 724 593; x_wconf 74' lang='lat' dir='ltr'>Academicus,</span> <span class='ocrx_word' id='word_1_5' title='bbox 760 513 830 580; x_wconf 90' lang='lat' dir='ltr'>loco</span> <span class='ocrx_word' id='word_1_6' title='bbox 862 514 1010 595; x_wconf 90' lang='lat' dir='ltr'>ultimus,</span> <span class='ocrx_word' id='word_1_7' title='bbox 1041 516 1184 602; x_wconf 85' lang='lat' dir='ltr'>proxime</span> <span class='ocrx_word' id='word_1_8' title='bbox 1214 513 1254 580; x_wconf 92' lang='lat' dir='ltr'>ad</span> <span class='ocrx_word' id='word_1_9' title='bbox 1283 549 1285 554; x_wconf 96' lang='lat'>·</span> 
     </span>
     <span class='ocr_line' id='line_1_3' title="bbox 83 632 1255 724; baseline 0.003 -26"><span class='ocrx_word' id='word_1_10' title='bbox 83 632 235 698; x_wconf 79' lang='lat' dir='ltr'><strong>Demetrii</strong></span> <span class='ocrx_word' id='word_1_11' title='bbox 270 640 405 698; x_wconf 87' lang='lat' dir='ltr'>aetatem</span> <span class='ocrx_word' id='word_1_12' title='bbox 439 633 618 712; x_wconf 88' lang='lat' dir='ltr'>accesserit,</span> <span class='ocrx_word' id='word_1_13' title='bbox 649 633 741 698; x_wconf 91' lang='lat' dir='ltr'>sicuti</span> <span class='ocrx_word' id='word_1_14' title='bbox 772 633 804 698; x_wconf 92' lang='lat' dir='ltr'>in</span> <span class='ocrx_word' id='word_1_15' title='bbox 832 633 900 700; x_wconf 87' lang='lat' dir='ltr'>aliis</span> <span class='ocrx_word' id='word_1_16' title='bbox 929 634 1081 724; x_wconf 80' lang='lat' dir='ltr'>catalogis</span> <span class='ocrx_word' id='word_1_17' title='bbox 1114 635 1255 702; x_wconf 86' lang='lat' dir='ltr'>obtinere</span> 
     </span>
     <span class='ocr_line' id='line_1_4' title="bbox 83 750 1254 840; baseline 0.005 -24"><span class='ocrx_word' id='word_1_18' title='bbox 83 750 244 831; x_wconf 81' lang='lat' dir='ltr'>videmus,</span> <span class='ocrx_word' id='word_1_19' title='bbox 277 751 331 817; x_wconf 93' lang='lat' dir='ltr'>uhi</span> <span class='ocrx_word' id='word_1_20' title='bbox 354 762 410 817; x_wconf 90' lang='lat' dir='ltr'>aut</span> <span class='ocrx_word' id='word_1_21' title='bbox 432 761 532 817; x_wconf 86' lang='lat' dir='ltr'>aetate</span> <span class='ocrx_word' id='word_1_22' title='bbox 555 750 702 832; x_wconf 91' lang='lat' dir='ltr'>ultimus,</span> <span class='ocrx_word' id='word_1_23' title='bbox 731 764 786 818; x_wconf 90' lang='lat' dir='ltr'>aut</span> <span class='ocrx_word' id='word_1_24' title='bbox 808 762 902 840; x_wconf 73' lang='lat' dir='ltr'>poeta</span> <span class='ocrx_word' id='word_1_25' title='bbox 920 764 975 821; x_wconf 89' lang='lat' dir='ltr'>aut</span> <span class='ocrx_word' id='word_1_26' title='bbox 997 754 1129 822; x_wconf 88' lang='lat' dir='ltr'>artifices</span> <span class='ocrx_word' id='word_1_27' title='bbox 1151 754 1254 822; x_wconf 82' lang='lat' dir='ltr'>novis-</span> 
     </span>
     <span class='ocr_line' id='line_1_5' title="bbox 84 871 510 960; baseline -0.002 -22"><span class='ocrx_word' id='word_1_28' title='bbox 84 874 199 939; x_wconf 88' lang='lat' dir='ltr'>simum</span> <span class='ocrx_word' id='word_1_29' title='bbox 223 895 338 960; x_wconf 85' lang='lat' dir='ltr'>agmen</span> <span class='ocrx_word' id='word_1_30' title='bbox 361 871 510 938; x_wconf 89' lang='lat' dir='ltr'>efficiunt.</span> 
     </span>
    </p>

    <p class='ocr_par' dir='ltr' id='par_1_3' title="bbox 131 992 1254 1080">
     <span class='ocr_line' id='line_1_6' title="bbox 131 992 1254 1080; baseline 0.005 -22"><span class='ocrx_word' id='word_1_31' title='bbox 131 995 177 1058; x_wconf 85' lang='lat' dir='ltr'>lle</span> <span class='ocrx_word' id='word_1_32' title='bbox 206 992 359 1058; x_wconf 86' lang='lat' dir='ltr'>historicis</span> <span class='ocrx_word' id='word_1_33' title='bbox 386 993 532 1080; x_wconf 86' lang='lat' dir='ltr'>operibus</span> <span class='ocrx_word' id='word_1_34' title='bbox 562 993 693 1059; x_wconf 87' lang='lat' dir='ltr'>Cratetis</span> <span class='ocrx_word' id='word_1_35' title='bbox 725 993 922 1060; x_wconf 79' lang='lat' dir='ltr'>Atheniensis</span> <span class='ocrx_word' id='word_1_36' title='bbox 951 995 971 1059; x_wconf 89' lang='lat' dir='ltr'>i.</span> <span class='ocrx_word' id='word_1_37' title='bbox 1002 1017 1029 1059; x_wconf 91' lang='lat' dir='ltr'>e.</span> <span class='ocrx_word' id='word_1_38' title='bbox 1059 993 1254 1078; x_wconf 82' lang='lat' dir='ltr'>Academici,</span> 
     </span>
    </p>
   </div>
   <div class='ocr_carea' id='block_1_3' title="bbox 86 1112 1254 1300">
    <p class='ocr_par' dir='ltr' id='par_1_4' title="bbox 86 1112 1254 1300">
     <span class='ocr_line' id='line_1_7' title="bbox 86 1112 1254 1200; baseline 0.003 -21"><span class='ocrx_word' id='word_1_39' title='bbox 86 1123 173 1180; x_wconf 88' lang='lat' dir='ltr'>sexto</span> <span class='ocrx_word' id='word_1_40' title='bbox 203 1113 274 1178; x_wconf 92' lang='lat' dir='ltr'>loco</span> <span class='ocrx_word' id='word_1_41' title='bbox 296 1113 348 1179; x_wconf 93' lang='lat' dir='ltr'>hic</span> <span class='ocrx_word' id='word_1_42' title='bbox 370 1114 477 1200; x_wconf 90' lang='lat' dir='ltr'>positi,</span> <span class='ocrx_word' id='word_1_43' title='bbox 509 1113 610 1200; x_wconf 90' lang='lat' dir='ltr'>deque</span> <span class='ocrx_word' id='word_1_44' title='bbox 637 1113 760 1180; x_wconf 85' lang='lat' dir='ltr'>Cratete</span> <span class='ocrx_word' id='word_1_45' title='bbox 781 1114 909 1180; x_wconf 85' lang='lat' dir='ltr'>lllallota</span> <span class='ocrx_word' id='word_1_46' title='bbox 936 1112 1006 1180; x_wconf 90' lang='lat' dir='ltr'>vide</span> <span class='ocrx_word' id='word_1_47' title='bbox 1027 1113 1199 1183; x_wconf 85' lang='lat' dir='ltr'>Mulierum</span> <span class='ocrx_word' id='word_1_48' title='bbox 1220 1119 1254 1182; x_wconf 87' lang='lat' dir='ltr'>F.</span> 
     </span>
     <span class='ocr_line' id='line_1_8' title="bbox 86 1232 378 1300; baseline 0 -2"><span class='ocrx_word' id='word_1_49' title='bbox 86 1236 124 1298; x_wconf 90' lang='lat' dir='ltr'>H.</span> <span class='ocrx_word' id='word_1_50' title='bbox 143 1233 200 1297; x_wconf 84' lang='lat' dir='ltr'>Gr.</span> <span class='ocrx_word' id='word_1_51' title='bbox 223 1234 278 1300; x_wconf 87' lang='lat' dir='ltr'>IV.</span> <span class='ocrx_word' id='word_1_52' title='bbox 303 1232 378 1298; x_wconf 89' lang='grc'><strong>390.</strong></span> 
     </span>
    </p>
   </div>
   <div class='ocr_carea' id='block_1_4' title="bbox 86 1350 1261 3597">
    <p class='ocr_par' dir='ltr' id='par_1_5' title="bbox 86 1350 1256 1678">
     <span class='ocr_line' id='line_1_9' title="bbox 130 1350 1255 1440; baseline 0.004 -23"><span class='ocrx_word' id='word_1_53' title='bbox 130 1353 334 1440; x_wconf 83' lang='lat' dir='ltr'>Epigramma</span> <span class='ocrx_word' id='word_1_54' title='bbox 351 1352 384 1416; x_wconf 87' lang='lat' dir='ltr'>in</span> <span class='ocrx_word' id='word_1_55' title='bbox 402 1350 636 1437; x_wconf 86' lang='lat' dir='ltr'>Euphorionem</span> <span class='ocrx_word' id='word_1_56' title='bbox 652 1350 901 1432; x_wconf 86' lang='lat' dir='ltr'>Chalcidensem,</span> <span class='ocrx_word' id='word_1_57' title='bbox 918 1351 1064 1419; x_wconf 88' lang='lat' dir='ltr'>Mallotae</span> <span class='ocrx_word' id='word_1_58' title='bbox 1083 1354 1255 1436; x_wconf 90' lang='lat' dir='ltr'>tributum,</span> 
     </span>
     <span class='ocr_line' id='line_1_10' title="bbox 86 1469 1256 1562; baseline 0.003 -25"><span class='ocrx_word' id='word_1_59' title='bbox 86 1471 190 1562; x_wconf 86' lang='lat' dir='ltr'>attigit</span> <span class='ocrx_word' id='word_1_60' title='bbox 216 1471 388 1537; x_wconf 86' lang='lat' dir='ltr'>ltleinekius</span> <span class='ocrx_word' id='word_1_61' title='bbox 418 1471 510 1538; x_wconf 87' lang='lat' dir='ltr'>Anal.</span> <span class='ocrx_word' id='word_1_62' title='bbox 543 1470 633 1537; x_wconf 84' lang='lat' dir='ltr'>Alex.</span> <span class='ocrx_word' id='word_1_63' title='bbox 663 1494 694 1558; x_wconf 93' lang='lat' dir='ltr'>p.</span> <span class='ocrx_word' id='word_1_64' title='bbox 715 1473 774 1552; x_wconf 78' lang='lat'>303</span> <span class='ocrx_word' id='word_1_65' title='bbox 808 1469 888 1536; x_wconf 89' lang='lat' dir='ltr'>adde</span> <span class='ocrx_word' id='word_1_66' title='bbox 917 1471 1010 1541; x_wconf 78' lang='lat' dir='ltr'>Bahr.</span> <span class='ocrx_word' id='word_1_67' title='bbox 1040 1474 1142 1540; x_wconf 84' lang='lat' dir='ltr'>Paulli</span> <span class='ocrx_word' id='word_1_68' title='bbox 1165 1476 1256 1542; x_wconf 88' lang='lat' dir='ltr'>Thes.</span> 
     </span>
     <span class='ocr_line' id='line_1_11' title="bbox 86 1592 286 1678; baseline 0.01 -22"><span class='ocrx_word' id='word_1_69' title='bbox 86 1592 128 1660; x_wconf 92' lang='lat' dir='ltr'>Il.</span> <span class='ocrx_word' id='word_1_70' title='bbox 153 1614 184 1678; x_wconf 91' lang='lat' dir='ltr'>p.</span> <span class='ocrx_word' id='word_1_71' title='bbox 212 1594 286 1658; x_wconf 77' lang='lat'>740.</span> 
     </span>
    </p>

    <p class='ocr_par' dir='ltr' id='par_1_6' title="bbox 87 1709 1261 3597">
     <span class='ocr_line' id='line_1_12' title="bbox 131 1709 1255 1797; baseline 0.004 -19"><span class='ocrx_word' id='word_1_72' title='bbox 131 1713 237 1778; x_wconf 88' lang='lat' dir='ltr'>Unum</span> <span class='ocrx_word' id='word_1_73' title='bbox 262 1709 389 1777; x_wconf 91' lang='lat' dir='ltr'>adiicio:</span> <span class='ocrx_word' id='word_1_74' title='bbox 414 1710 551 1777; x_wconf 85' lang='lat' dir='ltr'>Octavus</span> <span class='ocrx_word' id='word_1_75' title='bbox 574 1711 680 1778; x_wconf 84' lang='lat' dir='ltr'>Crates</span> <span class='ocrx_word' id='word_1_76' title='bbox 703 1711 817 1778; x_wconf 90' lang='lat' dir='ltr'>dicitur</span> <span class='ocrx_word' id='word_1_77' title='bbox 843 1713 1040 1795; x_wconf 71' lang='grc' dir='ltr'>γεωμετρικοὶ</span> <span class='ocrx_word' id='word_1_78' title='bbox 1062 1716 1255 1797; x_wconf 68' lang='grc' dir='ltr'>γεγρνφώςς</span> 
     </span>
     <span class='ocr_line' id='line_1_13' title="bbox 87 1828 1257 1918; baseline 0.001 -20"><span class='ocrx_word' id='word_1_79' title='bbox 87 1830 166 1898; x_wconf 84' lang='lat' dir='ltr'>haec</span> <span class='ocrx_word' id='word_1_80' title='bbox 194 1853 271 1896; x_wconf 86' lang='lat' dir='ltr'>vero</span> <span class='ocrx_word' id='word_1_81' title='bbox 301 1830 396 1896; x_wconf 89' lang='lat' dir='ltr'>verba</span> <span class='ocrx_word' id='word_1_82' title='bbox 427 1828 465 1896; x_wconf 87' lang='lat' dir='ltr'>de</span> <span class='ocrx_word' id='word_1_83' title='bbox 496 1831 571 1895; x_wconf 86' lang='lat' dir='ltr'>vitio</span> <span class='ocrx_word' id='word_1_84' title='bbox 593 1840 736 1918; x_wconf 88' lang='lat' dir='ltr'>suspecta</span> <span class='ocrx_word' id='word_1_85' title='bbox 757 1830 874 1914; x_wconf 90' lang='lat' dir='ltr'>haheo;</span> <span class='ocrx_word' id='word_1_86' title='bbox 900 1855 963 1898; x_wconf 90' lang='lat' dir='ltr'>non</span> <span class='ocrx_word' id='word_1_87' title='bbox 988 1832 1173 1899; x_wconf 82' lang='lat' dir='ltr'>crediderim</span> <span class='ocrx_word' id='word_1_88' title='bbox 1197 1835 1257 1900; x_wconf 85' lang='lat' dir='ltr'>De-</span> 
     </span>
     <span class='ocr_line' id='line_1_14' title="bbox 88 1950 1257 2037; baseline 0.003 -19"><span class='ocrx_word' id='word_1_89' title='bbox 88 1952 256 2031; x_wconf 88' lang='lat' dir='ltr'>metrium,</span> <span class='ocrx_word' id='word_1_90' title='bbox 281 1951 306 2016; x_wconf 90' lang='lat' dir='ltr'>si</span> <span class='ocrx_word' id='word_1_91' title='bbox 328 1953 483 2017; x_wconf 82' lang='lat' dir='ltr'>Cretatam</span> <span class='ocrx_word' id='word_1_92' title='bbox 507 1950 675 2037; x_wconf 88' lang='lat' dir='ltr'>quemdam</span> <span class='ocrx_word' id='word_1_93' title='bbox 708 1951 964 2018; x_wconf 89' lang='lat' dir='ltr'>mathematicum</span> <span class='ocrx_word' id='word_1_94' title='bbox 988 1950 1119 2017; x_wconf 88' lang='lat' dir='ltr'>laudare</span> <span class='ocrx_word' id='word_1_95' title='bbox 1140 1953 1257 2020; x_wconf 78' lang='lat' dir='ltr'>voluis·</span> 
     </span>
     <span class='ocr_line' id='line_1_15' title="bbox 87 2069 1257 2158; baseline 0 -21"><span class='ocrx_word' id='word_1_96' title='bbox 87 2081 151 2151; x_wconf 90' lang='lat' dir='ltr'>set,</span> <span class='ocrx_word' id='word_1_97' title='bbox 181 2069 260 2135; x_wconf 91' lang='lat' dir='ltr'>adeo</span> <span class='ocrx_word' id='word_1_98' title='bbox 286 2071 403 2135; x_wconf 90' lang='lat' dir='ltr'>mirum</span> <span class='ocrx_word' id='word_1_99' title='bbox 431 2071 462 2134; x_wconf 91' lang='lat' dir='ltr'>in</span> <span class='ocrx_word' id='word_1_100' title='bbox 492 2069 619 2136; x_wconf 91' lang='lat' dir='ltr'>modum</span> <span class='ocrx_word' id='word_1_101' title='bbox 650 2071 805 2158; x_wconf 88' lang='lat' dir='ltr'>scripsisse</span> <span class='ocrx_word' id='word_1_102' title='bbox 828 2071 949 2151; x_wconf 75' lang='grc' dir='ltr'>ὄγδοος,</span> <span class='ocrx_word' id='word_1_103' title='bbox 978 2072 1176 2154; x_wconf 70' lang='grc' dir='ltr'>γεωμετρικοὶ</span> <span class='ocrx_word' id='word_1_104' title='bbox 1202 2097 1257 2151; x_wconf 76' lang='lat' dir='ltr'>yr-</span> 
     </span>
     <span class='ocr_line' id='line_1_16' title="bbox 89 2188 1259 2277; baseline 0.004 -23"><span class='ocrx_word' id='word_1_105' title='bbox 89 2190 240 2272; x_wconf 77' lang='grc' dir='ltr'>γροφώς,</span> <span class='ocrx_word' id='word_1_106' title='bbox 271 2188 325 2254; x_wconf 91' lang='lat' dir='ltr'>sed</span> <span class='ocrx_word' id='word_1_107' title='bbox 350 2189 402 2255; x_wconf 91' lang='lat' dir='ltr'>ille</span> <span class='ocrx_word' id='word_1_108' title='bbox 434 2191 536 2277; x_wconf 89' lang='lat' dir='ltr'>potius</span> <span class='ocrx_word' id='word_1_109' title='bbox 566 2188 697 2256; x_wconf 89' lang='lat' dir='ltr'>dedisset</span> <span class='ocrx_word' id='word_1_110' title='bbox 718 2189 841 2272; x_wconf 72' lang='grc' dir='ltr'>ὄγδοος,</span> <span class='ocrx_word' id='word_1_111' title='bbox 864 2191 1061 2273; x_wconf 57' lang='lat' dir='ltr'>prepulcram</span> <span class='ocrx_word' id='word_1_112' title='bbox 1087 2190 1178 2258; x_wconf 83' lang='lat' dir='ltr'>facile</span> <span class='ocrx_word' id='word_1_113' title='bbox 1200 2215 1259 2260; x_wconf 90' lang='lat' dir='ltr'>nec</span> 
     </span>
     <span class='ocr_line' id='line_1_17' title="bbox 87 2306 1257 2401; baseline 0.007 -31"><span class='ocrx_word' id='word_1_114' title='bbox 87 2306 295 2373; x_wconf 88' lang='lat' dir='ltr'>temerarium</span> <span class='ocrx_word' id='word_1_115' title='bbox 326 2318 372 2374; x_wconf 81' lang='lat' dir='ltr'>est.</span> <span class='ocrx_word' id='word_1_116' title='bbox 403 2310 561 2398; x_wconf 88' lang='lat' dir='ltr'>corrigere</span> <span class='ocrx_word' id='word_1_117' title='bbox 585 2311 745 2392; x_wconf 72' lang='grc' dir='ltr'>γεωργικὰ</span> <span class='ocrx_word' id='word_1_118' title='bbox 771 2313 965 2396; x_wconf 69' lang='grc' dir='ltr'><em>γεγραφώς,</em></span> <span class='ocrx_word' id='word_1_119' title='bbox 991 2311 1257 2401; x_wconf 88' lang='lat' dir='ltr'>quemadmodum</span> 
     </span>
     <span class='ocr_line' id='line_1_18' title="bbox 88 2427 1259 2517; baseline 0 -19"><span class='ocrx_word' id='word_1_120' title='bbox 88 2429 267 2497; x_wconf 89' lang='lat' dir='ltr'>Demetrius</span> <span class='ocrx_word' id='word_1_121' title='bbox 298 2428 445 2493; x_wconf 90' lang='lat' dir='ltr'>ultimum</span> <span class='ocrx_word' id='word_1_122' title='bbox 479 2427 639 2516; x_wconf 89' lang='lat' dir='ltr'>descripsit</span> <span class='ocrx_word' id='word_1_123' title='bbox 673 2427 901 2517; x_wconf 86' lang='lat' dir='ltr'>Chrysippum:</span> <span class='ocrx_word' id='word_1_124' title='bbox 937 2430 992 2496; x_wconf 79' lang='grc' dir='ltr'>κοί</span> <span class='ocrx_word' id='word_1_125' title='bbox 1018 2453 1065 2504; x_wconf 73' lang='grc' dir='ltr'>τις</span> <span class='ocrx_word' id='word_1_126' title='bbox 1098 2433 1259 2515; x_wconf 69' lang='grc' dir='ltr'>γεωργικὰ</span> 
     </span>
     <span class='ocr_line' id='line_1_19' title="bbox 91 2547 1260 2638; baseline 0.001 -22"><span class='ocrx_word' id='word_1_127' title='bbox 91 2553 264 2635; x_wconf 67' lang='grc' dir='ltr'>γεγραφώς</span> <span class='ocrx_word' id='word_1_128' title='bbox 303 2548 405 2638; x_wconf 87' lang='lat' dir='ltr'>(Diog.</span> <span class='ocrx_word' id='word_1_129' title='bbox 442 2549 476 2611; x_wconf 90' lang='lat' dir='ltr'>L.</span> <span class='ocrx_word' id='word_1_130' title='bbox 514 2550 584 2617; x_wconf 91' lang='lat' dir='ltr'>Vll.</span> <span class='ocrx_word' id='word_1_131' title='bbox 619 2547 710 2637; x_wconf 87' lang='grc'><strong>186).</strong></span> <span class='ocrx_word' id='word_1_132' title='bbox 742 2550 864 2629; x_wconf 87' lang='lat' dir='ltr'>Crates,</span> <span class='ocrx_word' id='word_1_133' title='bbox 901 2550 955 2636; x_wconf 86' lang='lat' dir='ltr'>qui</span> <span class='ocrx_word' id='word_1_134' title='bbox 988 2548 1027 2615; x_wconf 88' lang='lat' dir='ltr'>de</span> <span class='ocrx_word' id='word_1_135' title='bbox 1068 2573 1104 2616; x_wconf 88' lang='lat' dir='ltr'>re</span> <span class='ocrx_word' id='word_1_136' title='bbox 1144 2553 1260 2617; x_wconf 88' lang='lat' dir='ltr'>rustica</span> 
     </span>
     <span class='ocr_line' id='line_1_20' title="bbox 89 2666 1259 2758; baseline -0.003 -20"><span class='ocrx_word' id='word_1_137' title='bbox 89 2672 229 2758; x_wconf 86' lang='lat' dir='ltr'>scripsit,</span> <span class='ocrx_word' id='word_1_138' title='bbox 252 2692 317 2734; x_wconf 91' lang='lat' dir='ltr'>non</span> <span class='ocrx_word' id='word_1_139' title='bbox 341 2666 477 2733; x_wconf 84' lang='lat' dir='ltr'>exOroo</span> <span class='ocrx_word' id='word_1_140' title='bbox 499 2668 532 2732; x_wconf 93' lang='lat' dir='ltr'>in</span> <span class='ocrx_word' id='word_1_141' title='bbox 556 2668 658 2734; x_wconf 90' lang='lat' dir='ltr'>lucem</span> <span class='ocrx_word' id='word_1_142' title='bbox 676 2669 865 2747; x_wconf 88' lang='lat' dir='ltr'>retrahitur,</span> <span class='ocrx_word' id='word_1_143' title='bbox 886 2667 939 2735; x_wconf 92' lang='lat' dir='ltr'>sed</span> <span class='ocrx_word' id='word_1_144' title='bbox 958 2680 1058 2735; x_wconf 85' lang='lat' dir='ltr'>exstat</span> <span class='ocrx_word' id='word_1_145' title='bbox 1080 2670 1164 2757; x_wconf 89' lang='lat' dir='ltr'>apud</span> <span class='ocrx_word' id='word_1_146' title='bbox 1177 2673 1259 2740; x_wconf 86' lang='lat' dir='ltr'>Var-</span> 
     </span>
     <span class='ocr_line' id='line_1_21' title="bbox 90 2788 1260 2876; baseline -0.001 -19"><span class='ocrx_word' id='word_1_147' title='bbox 90 2814 203 2857; x_wconf 87' lang='lat' dir='ltr'>ronem</span> <span class='ocrx_word' id='word_1_148' title='bbox 231 2801 263 2855; x_wconf 89' lang='lat' dir='ltr'>et</span> <span class='ocrx_word' id='word_1_149' title='bbox 292 2788 500 2857; x_wconf 86' lang='lat' dir='ltr'>Columellam</span> <span class='ocrx_word' id='word_1_150' title='bbox 531 2791 555 2855; x_wconf 94' lang='lat' dir='ltr'>l.</span> <span class='ocrx_word' id='word_1_151' title='bbox 582 2791 611 2855; x_wconf 92' lang='lat'>1.</span> <span class='ocrx_word' id='word_1_152' title='bbox 647 2789 701 2875; x_wconf 94' lang='lat' dir='ltr'>qui</span> <span class='ocrx_word' id='word_1_153' title='bbox 730 2791 908 2858; x_wconf 85' lang='lat' dir='ltr'>Varronem</span> <span class='ocrx_word' id='word_1_154' title='bbox 938 2789 1109 2876; x_wconf 87' lang='lat' dir='ltr'>descripsit.</span> <span class='ocrx_word' id='word_1_155' title='bbox 1155 2792 1260 2859; x_wconf 85' lang='lat' dir='ltr'>Varro</span> 
     </span>
     <span class='ocr_line' id='line_1_22' title="bbox 91 2907 1259 3004; baseline -0.001 -28"><span class='ocrx_word' id='word_1_156' title='bbox 91 2913 130 2976; x_wconf 87' lang='lat' dir='ltr'>R.</span> <span class='ocrx_word' id='word_1_157' title='bbox 154 2913 192 2976; x_wconf 87' lang='lat' dir='ltr'>R.</span> <span class='ocrx_word' id='word_1_158' title='bbox 207 2911 241 3004; x_wconf 68' lang='lat'>,¹⁶</span> <span class='ocrx_word' id='word_1_159' title='bbox 268 2911 285 2973; x_wconf 93' lang='lat'>1</span> <span class='ocrx_word' id='word_1_160' title='bbox 310 2909 502 2974; x_wconf 86' lang='lat' dir='ltr'>enumeratis</span> <span class='ocrx_word' id='word_1_161' title='bbox 532 2908 734 2995; x_wconf 88' lang='lat' dir='ltr'>scriptoribus</span> <span class='ocrx_word' id='word_1_162' title='bbox 761 2907 800 2973; x_wconf 89' lang='lat' dir='ltr'>de</span> <span class='ocrx_word' id='word_1_163' title='bbox 822 2931 857 2974; x_wconf 88' lang='lat' dir='ltr'>re</span> <span class='ocrx_word' id='word_1_164' title='bbox 880 2909 1013 2988; x_wconf 90' lang='lat' dir='ltr'>rustica,</span> <span class='ocrx_word' id='word_1_165' title='bbox 1038 2931 1175 2996; x_wconf 89' lang='lat' dir='ltr'>quorum</span> <span class='ocrx_word' id='word_1_166' title='bbox 1199 2931 1259 2996; x_wconf 91' lang='lat' dir='ltr'>pa-</span> 
     </span>
     <span class='ocr_line' id='line_1_23' title="bbox 91 3028 1261 3117; baseline -0.003 -20"><span class='ocrx_word' id='word_1_167' title='bbox 91 3032 184 3097; x_wconf 87' lang='lat' dir='ltr'>triam</span> <span class='ocrx_word' id='word_1_168' title='bbox 210 3030 315 3108; x_wconf 85' lang='lat' dir='ltr'>novit,</span> <span class='ocrx_word' id='word_1_169' title='bbox 346 3029 389 3094; x_wconf 90' lang='lat' dir='ltr'>ita</span> <span class='ocrx_word' id='word_1_170' title='bbox 412 3029 531 3117; x_wconf 89' lang='lat' dir='ltr'>pergit:</span> <span class='ocrx_word' id='word_1_171' title='bbox 556 3030 628 3111; x_wconf 86' lang='lat' dir='ltr'>„De</span> <span class='ocrx_word' id='word_1_172' title='bbox 651 3028 796 3115; x_wconf 90' lang='lat' dir='ltr'>reliquis,</span> <span class='ocrx_word' id='word_1_173' title='bbox 821 3050 958 3114; x_wconf 90' lang='lat' dir='ltr'>quorum</span> <span class='ocrx_word' id='word_1_174' title='bbox 983 3049 1063 3115; x_wconf 90' lang='lat' dir='ltr'>quae</span> <span class='ocrx_word' id='word_1_175' title='bbox 1086 3029 1182 3094; x_wconf 83' lang='lat' dir='ltr'>fuerit</span> <span class='ocrx_word' id='word_1_176' title='bbox 1204 3051 1261 3115; x_wconf 92' lang='lat' dir='ltr'>pa·</span> 
     </span>
     <span class='ocr_line' id='line_1_24' title="bbox 93 3141 1260 3236; baseline -0.001 -20"><span class='ocrx_word' id='word_1_177' title='bbox 93 3150 154 3216; x_wconf 88' lang='lat' dir='ltr'>tria</span> <span class='ocrx_word' id='word_1_178' title='bbox 183 3171 248 3215; x_wconf 90' lang='lat' dir='ltr'>non</span> <span class='ocrx_word' id='word_1_179' title='bbox 272 3149 394 3236; x_wconf 88' lang='lat' dir='ltr'>accepi,</span> <span class='ocrx_word' id='word_1_180' title='bbox 418 3148 498 3214; x_wconf 89' lang='lat' dir='ltr'>sicut</span> <span class='ocrx_word' id='word_1_181' title='bbox 520 3147 711 3228; x_wconf 87' lang='lat' dir='ltr'>Androtion,</span> <span class='ocrx_word' id='word_1_182' title='bbox 735 3146 909 3213; x_wconf 90' lang='lat' dir='ltr'>Aeschrion</span> <span class='ocrx_word' id='word_1_183' title='bbox 928 3185 972 3198; x_wconf 88' lang='lat'>—-</span> <span class='ocrx_word' id='word_1_184' title='bbox 990 3144 1175 3228; x_wconf 86' lang='lat' dir='ltr'>Crates,&#39;&#39;</span> <span class='ocrx_word' id='word_1_185' title='bbox 1200 3141 1260 3214; x_wconf 82' lang='lat' dir='ltr'>etc.</span> 
     </span>
     <span class='ocr_line' id='line_1_25' title="bbox 91 3268 1261 3356; baseline 0 -22"><span class='ocrx_word' id='word_1_186' title='bbox 91 3269 209 3336; x_wconf 83' lang='lat' dir='ltr'>Eadem</span> <span class='ocrx_word' id='word_1_187' title='bbox 233 3268 465 3356; x_wconf 85' lang='lat' dir='ltr'>opportunitate</span> <span class='ocrx_word' id='word_1_188' title='bbox 487 3268 589 3348; x_wconf 86' lang='lat' dir='ltr'>vides,</span> <span class='ocrx_word' id='word_1_189' title='bbox 614 3277 731 3354; x_wconf 89' lang='lat' dir='ltr'>quanta</span> <span class='ocrx_word' id='word_1_190' title='bbox 750 3268 892 3334; x_wconf 88' lang='lat' dir='ltr'>socordia</span> <span class='ocrx_word' id='word_1_191' title='bbox 914 3269 1037 3356; x_wconf 87' lang='lat' dir='ltr'>egerint</span> <span class='ocrx_word' id='word_1_192' title='bbox 1055 3269 1090 3347; x_wconf 94' lang='lat' dir='ltr'>ii,</span> <span class='ocrx_word' id='word_1_193' title='bbox 1115 3268 1261 3354; x_wconf 85' lang='lat' dir='ltr'>quiCra-</span> 
     </span>
     <span class='ocr_line' id='line_1_26' title="bbox 94 3386 1261 3470; baseline -0.003 -15"><span class='ocrx_word' id='word_1_194' title='bbox 94 3400 189 3456; x_wconf 87' lang='lat' dir='ltr'>tetem</span> <span class='ocrx_word' id='word_1_195' title='bbox 224 3389 401 3468; x_wconf 87' lang='lat' dir='ltr'>lllallotem,</span> <span class='ocrx_word' id='word_1_196' title='bbox 436 3399 473 3454; x_wconf 90' lang='lat' dir='ltr'>ut</span> <span class='ocrx_word' id='word_1_197' title='bbox 506 3389 695 3470; x_wconf 74' lang='grc' dir='ltr'><em>πολνΐοτοροο</em></span> <span class='ocrx_word' id='word_1_198' title='bbox 726 3387 856 3468; x_wconf 89' lang='lat' dir='ltr'>scilicet,</span> <span class='ocrx_word' id='word_1_199' title='bbox 885 3387 981 3454; x_wconf 87' lang='lat' dir='ltr'>dere</span> <span class='ocrx_word' id='word_1_200' title='bbox 1007 3389 1122 3454; x_wconf 86' lang='lat' dir='ltr'>rustica</span> <span class='ocrx_word' id='word_1_201' title='bbox 1143 3386 1261 3454; x_wconf 89' lang='lat' dir='ltr'>librum</span> 
     </span>
     <span class='ocr_line' id='line_1_27' title="bbox 94 3508 503 3597; baseline -0.007 -21"><span class='ocrx_word' id='word_1_202' title='bbox 94 3511 303 3597; x_wconf 88' lang='lat' dir='ltr'>composuisse</span> <span class='ocrx_word' id='word_1_203' title='bbox 325 3508 503 3576; x_wconf 88' lang='lat' dir='ltr'>credebant.</span> 
     </span>
    </p>
   </div>
   <div class='ocr_carea' id='block_1_5' title="bbox 658 3696 700 3760">
    <p class='ocr_par' dir='ltr' id='par_1_7' title="bbox 658 3696 700 3760">
     <span class='ocr_line' id='line_1_28' title="bbox 658 3696 700 3760; baseline -0.024 0"><span class='ocrx_word' id='word_1_204' title='bbox 658 3696 700 3760; x_wconf 89' lang='lat' dir='ltr'>A.</span> 
     </span>
    </p>
   </div>
   <div class='ocr_carea' id='block_1_6' title="bbox 598 3908 769 3965">
    <p class='ocr_par' dir='ltr' id='par_1_8' title="bbox 598 3908 769 3965">
     <span class='ocr_line' id='line_1_29' title="bbox 598 3908 769 3965; baseline 0.006 -1"><span class='ocrx_word' id='word_1_205' title='bbox 598 3908 769 3965; x_wconf 83' lang='lat' dir='ltr'>AETKAI.</span> 
     </span>
    </p>
   </div>
   <div class='ocr_carea' id='block_1_7' title="bbox 141 4103 1266 4205">
    <p class='ocr_par' dir='ltr' id='par_1_9' title="bbox 141 4103 1266 4205">
     <span class='ocr_line' id='line_1_30' title="bbox 141 4103 1266 4205; baseline -0.009 -21"><span class='ocrx_word' id='word_1_206' title='bbox 141 4115 467 4205; x_wconf 86' lang='lat' dir='ltr'>Harpocration,</span> <span class='ocrx_word' id='word_1_207' title='bbox 491 4111 617 4185; x_wconf 74' lang='grc' dir='ltr'><em>Λενκίο</em></span> <span class='ocrx_word' id='word_1_208' title='bbox 644 4109 759 4185; x_wconf 72' lang='grc' dir='ltr'><strong>ἀκτή.</strong></span> <span class='ocrx_word' id='word_1_209' title='bbox 807 4108 929 4183; x_wconf 71' lang='lat' dir='ltr'>Ansina</span> <span class='ocrx_word' id='word_1_210' title='bbox 950 4111 981 4176; x_wconf 86' lang='grc' dir='ltr'>ἕν</span> <span class='ocrx_word' id='word_1_211' title='bbox 1001 4111 1044 4194; x_wconf 76' lang='grc' dir='ltr'>τῷ</span> <span class='ocrx_word' id='word_1_212' title='bbox 1065 4110 1138 4192; x_wconf 76' lang='grc' dir='ltr'>πρὸς</span> <span class='ocrx_word' id='word_1_213' title='bbox 1157 4103 1266 4175; x_wconf 60' lang='lat' dir='ltr'>&#39;Altus-</span> 
     </span>
    </p>
   </div>
   <div class='ocr_carea' id='block_1_8' title="bbox 99 4229 1265 4439">
    <p class='ocr_par' dir='ltr' id='par_1_10' title="bbox 99 4229 1265 4439">
     <span class='ocr_line' id='line_1_31' title="bbox 99 4229 1265 4319; baseline -0.006 -15"><span class='ocrx_word' id='word_1_214' title='bbox 99 4237 223 4319; x_wconf 74' lang='grc' dir='ltr'>βνοὶδνν.</span> <span class='ocrx_word' id='word_1_215' title='bbox 259 4235 410 4303; x_wconf 75' lang='grc' dir='ltr'><em>Πλενόνονν</em></span> <span class='ocrx_word' id='word_1_216' title='bbox 432 4237 525 4300; x_wconf 79' lang='grc' dir='ltr'><em>οὐσῶν</em></span> <span class='ocrx_word' id='word_1_217' title='bbox 548 4234 690 4309; x_wconf 71' lang='lat' dir='ltr'>Araxes,</span> <span class='ocrx_word' id='word_1_218' title='bbox 714 4229 752 4302; x_wconf 79' lang='grc' dir='ltr'>ὡς</span> <span class='ocrx_word' id='word_1_219' title='bbox 776 4230 951 4312; x_wconf 74' lang='grc' dir='ltr'><em>Δημήτριος</em></span> <span class='ocrx_word' id='word_1_220' title='bbox 973 4229 1140 4312; x_wconf 73' lang='grc' dir='ltr'><em>ὁΜοέγννς</em></span> <span class='ocrx_word' id='word_1_221' title='bbox 1159 4231 1265 4306; x_wconf 75' lang='grc' dir='ltr'><em>δηλοῖ,</em></span> 
     </span>
     <span class='ocr_line' id='line_1_32' title="bbox 100 4348 978 4439; baseline -0.006 -17"><span class='ocrx_word' id='word_1_222' title='bbox 100 4358 176 4427; x_wconf 70' lang='lat' dir='ltr'>larue</span> <span class='ocrx_word' id='word_1_223' title='bbox 199 4366 255 4434; x_wconf 75' lang='grc' dir='ltr'>τῆς</span> <span class='ocrx_word' id='word_1_224' title='bbox 280 4360 310 4424; x_wconf 84' lang='grc' dir='ltr'>ἐν</span> <span class='ocrx_word' id='word_1_225' title='bbox 332 4353 512 4439; x_wconf 72' lang='grc' dir='ltr'><em>Προποντίδι</em></span> <span class='ocrx_word' id='word_1_226' title='bbox 537 4348 737 4433; x_wconf 75' lang='grc' dir='ltr'><em>μνημονεύειν</em></span> <span class='ocrx_word' id='word_1_227' title='bbox 760 4349 773 4413; x_wconf 80' lang='grc' dir='ltr'><em>ὃ</em></span> <span class='ocrx_word' id='word_1_228' title='bbox 797 4350 892 4432; x_wconf 75' lang='grc' dir='ltr'><strong><em>ῥήτωρ</em></strong></span> <span class='ocrx_word' id='word_1_229' title='bbox 916 4355 978 4417; x_wconf 82' lang='grc' dir='ltr'>νῦν.</span> 
     </span>
    </p>
   </div>
   <div class='ocr_carea' id='block_1_9' title="bbox 0 0 1442 4546">
    <p class='ocr_par' dir='ltr' id='par_1_11' title="bbox 0 0 1442 4546">
     <span class='ocr_line' id='line_1_33' title="bbox 0 0 1442 4546; baseline 0 0"><span class='ocrx_word' id='word_1_230' title='bbox 0 0 1442 4546; x_wconf 95' lang='lat' dir='ltr'> </span> 
     </span>
    </p>
   </div>
  </div>
 </body>
</html>
