2822 4540
651 273 691 336 25

83 490 223 574 δεύτερος
245 493 339 564 οὗτος
356 488 458 567 οὗτος,
477 503 575 559 etaut
586 494 722 560 scribere
733 503 809 574 rep.
832 495 863 561 δὲ
879 507 920 562 Λ.
937 495 1086 576 τέττιιοες
1099 495 1253 564 debuisset

83 621 141 676 aut
164 613 308 678 omittere
330 613 467 694 δεύτερος
491 615 585 686 αὐτὸς
608 609 705 686 οὗτος.

128 730 267 812 δεύτερος
283 733 338 798 δ’ὁ
360 732 418 807 τοὶς
443 733 562 814 τέχνοις
586 736 757 816 γεγραφὼς
777 734 836 808 τοὶς
859 734 1030 818 ῥητορικάς·
1076 738 1252 803 Demetrius

82 849 159 916 huic
181 851 345 940 subiungit
366 863 428 918 tres
450 853 527 918 alios
557 854 590 919 in
619 853 728 919 eodem
757 876 873 942 genere
895 854 1070 921 studiorum
1094 867 1250 936 versatos,

79 979 243 1050 oratores,
280 972 314 1036 iu
351 971 464 1059 quibus
497 972 718 1040 enumerandis
751 995 849 1059 quum
885 985 1062 1063 temporum
1097 978 1251 1044 rationem

81 1089 192 1170 hahet,
228 1091 278 1158 hic
312 1091 373 1158 illis
405 1103 483 1158 natu
512 1104 596 1158 certe
625 1116 690 1158 nou
721 1095 825 1159 minor
854 1093 950 1160 fuerit
978 1107 1009 1161 et
1038 1117 1138 1183 quum
1160 1098 1249 1162 Dem.

79 1209 157 1277 dicit
180 1211 194 1276 ὅ
219 1211 290 1285 τοίς
313 1237 344 1277 τ.
361 1237 397 1291 y.
422 1235 501 1300 opus
522 1214 595 1278 satis
615 1213 721 1279 nobile
743 1214 910 1301 scripserit.

127 1329 303 1409 τέμττος·
325 1334 340 1398 ὃ
366 1341 580 1410 Μυτιληναῖος
605 1330 637 1399 ὃν
662 1333 715 1397 κοιὶ
731 1333 983 1415 ῥητορομάστιγα
998 1335 1139 1403 ἐκάλουν.
1172 1337 1250 1404 Ulti-

81 1472 172 1516 mum
185 1450 375 1518 vocahulum
395 1451 587 1518 demonstrat
598 1451 637 1518 de
653 1462 779 1518 mortuo
791 1452 843 1518 hic
853 1476 1029 1519 sermonem
1053 1477 1130 1522 esse.
1164 1456 1252 1523 Alios

80 1569 250 1650 μάστιγος
276 1573 370 1638 affert
390 1572 488 1638 Lehrs
510 1572 549 1638 de
570 1572 743 1638 Aristarchi
764 1572 867 1640 studd.
897 1597 928 1662 p.
954 1576 1029 1642 210.
1064 1576 1171 1641 Fuerit
1186 1599 1250 1642 non

80 1691 210 1778 ignotus
232 1701 263 1756 et
285 1693 350 1778 ipse
372 1691 531 1771 rhetor,
555 1703 592 1758 ut
613 1693 728 1780 Agnou
748 1693 812 1756 sive
830 1692 1026 1781 Agnonides,
1046 1693 1251 1781 Theophrasti

65 1808 239 1896 ¹aequalis,
271 1811 326 1897 qui
347 1810 516 1877 rhetorices
540 1811 771 1876 accusationem
797 1811 928 1899 scripsit.
952 1812 992 1880 cf.
1015 1813 1184 1882 Ruhnken.
1209 1817 1248 1883 H.

80 1929 133 1997 Gr.
157 1927 214 1996 Or.
238 1929 295 1997 Gr.
318 1953 350 2016 p.
375 1931 452 1998 373.
477 1929 525 1997 ed.
549 1931 676 2018 Bergm.

126 2045 227 2123 ἕκτος·
259 2050 463 2126 Νεαπολίτης
497 2049 672 2133 φιλόσοφος
698 2050 949 2130 Ἀκοιδνμιιῒκός,
987 2052 1164 2118 Menesthe
1193 2059 1248 2118 τοῦ

80 2168 194 2234 Ῥοδίον
223 2171 376 2248 palaeae.
424 2168 611 2236 Melanthius
632 2167 774 2234 Rhodius
796 2168 965 2257 discipulus
994 2169 1053 2235 fuit
1081 2170 1249 2237 Carneadis

79 2296 138 2364 τῆς
162 2288 309 2370 νεωτέροις
330 2289 528 2367 insinnetur
546 2287 730 2367 conditoris,
755 2299 786 2354 et
809 2289 990 2355 aCicerone
1010 2288 1119 2372 (Acad.
1133 2292 1188 2358 lv.
1203 2289 1247 2378 6.)

79 2406 252 2473 admodum
274 2407 415 2474 floruisse
438 2431 617 2498 magnaque
640 2408 733 2474 fuisse
756 2410 908 2474 suavitate
930 2408 1053 2474 dicitur.
1087 2409 1247 2475 Melanthii

80 2527 253 2614 discipulus
271 2539 303 2592 et
314 2527 495 2610 τοιντοὶρκνς
511 2528 623 2607 κσολός,
635 2527 803 2594 Aeschines
814 2527 1053 2614 Neapolitanus,
1073 2539 1166 2593 natus
1188 2528 1248 2594 fuit

78 2670 165 2712 anno
187 2646 253 2713 fere
279 2647 356 2714 1500
378 2671 407 2713 a.
430 2649 481 2728 (l,
506 2647 625 2714 audivit
647 2649 731 2713 euim
754 2647 933 2713 adolescens
966 2671 1071 2713 senem
1106 2649 1246 2714 Carnea-

76 2768 169 2847 dem,
202 2768 257 2854 qui
287 2767 364 2833 obiit
388 2789 421 2833 ar
446 2769 508 2833 129
535 2765 587 2857 (cl.
610 2767 734 2832 Clinton
758 2769 790 2831 F.
814 2769 852 2831 H.
875 2768 932 2831 111.
955 2785 988 2831 a⁰
1014 2768 1108 2854 129),
1144 2790 1246 2854 neque

77 2899 185 2952 tamen
204 2887 372 2953 Aeschines
393 2889 475 2954 inter
497 2888 593 2973 ipsius
623 2885 790 2953 Carneadis
812 2884 980 2973 discipulos
1001 2896 1048 2951 est
1068 2885 1243 2964 habendus,

77 3017 115 3072 ut
137 3005 221 3073 male
244 3006 361 3074 lactum
385 3030 404 3072 a
425 3008 529 3072 lousio
551 3009 592 3071 ΙΙ.
616 3030 646 3092 p.
669 3007 741 3072 130.
764 3016 796 3071 et
813 3016 919 3093 postea
940 3007 972 3071 in
997 3005 1107 3072 Orellii
1130 3005 1244 3072 Ouom.

75 3151 109 3214 p.
132 3129 186 3192 21.
208 3126 337 3192 Meliora
359 3126 472 3192 docent
493 3126 669 3191 Demetrius
691 3136 723 3190 et
744 3124 948 3206 Plutarchus3
973 3126 1017 3191 sie
1039 3126 1124 3190 enim
1142 3126 1244 3212 loqui·

74 3260 131 3313 tur
154 3246 342 3313 Plutarchus
364 3248 396 3311 in
419 3246 501 3312 libro
524 3268 571 3311 an
594 3246 680 3311 seni
702 3248 755 3311 sit
775 3271 807 3335 g.
831 3269 859 3314 r.
884 3269 915 3333 p.
940 3269 967 3313 c.
995 3251 1053 3312 13:
1087 3249 1152 3328 „²0
1185 3246 1242 3324 μὲν

75 3363 126 3432 οὖν
152 3369 387 3447 Ἀκοοδνμοιϊκὸς
412 3368 565 3447 Αἰσχίνης
593 3372 748 3450 σοφιστῶν
782 3373 869 3432 τινῶν
897 3362 1122 3446 septennale
1155 3389 1255 3461 προς-ο

75 3495 213 3554 τοιεῖτοιι
238 3487 401 3567 γεγονὲνοιι
424 3488 617 3569 Καρνεάδου,
648 3488 692 3565 μὴ
719 3488 853 3566 γεγονὼς
877 3488 1031 3566 pataria·
1054 3487 1144 3551 ἀλλὰ
1171 3487 1242 3552 τότε

75 3603 235 3695 replesse)
261 3605 322 3684 ἐγὼ
348 3605 521 3687 Κοιρνεοέδου
541 3607 674 3682 διήκουον
697 3602 750 3671 ὅτε
774 3607 829 3680 τὴν
854 3605 970 3688 ῥοιχίοιν
989 3606 1042 3672 sel
1064 3607 1116 3672 τὸν
1139 3605 1243 3689 ψόφον

73 3728 215 3811 ἀφεικὼς
245 3725 260 3790 ὁ
288 3726 382 3806 λόγος
405 3727 505 3790 αὐτοῦ
535 3725 587 3790 διὰ
612 3725 647 3790 τὸ
675 3733 774 3806 γῆρυς
798 3727 840 3798 εἰς
873 3727 908 3790 τὸ
933 3727 1087 3807 χρήσιμον
1112 3732 1242 3799 συνῆκτο

74 3849 130 3914 nal
150 3844 354 3932 νοινιονικον.”
399 3844 567 3912 Aeschines
589 3867 707 3934 magua
729 3843 835 3910 floruit
857 3845 950 3911 laude
973 3868 1046 3912 oum
1068 3844 1244 3912 Charmada

74 3978 106 4034 et
128 3965 339 4045 Clitomacho,
365 3989 501 4053 eumque
522 3965 652 4032 Athenis
682 3965 800 4031 audivit
824 3969 1042 4061 Romanorum
1064 3989 1121 4032 sua
1143 3977 1243 4034 aetate

74 4087 348 4174 eloquentissimus
369 4089 403 4152 I..
426 4089 567 4166 (iremus,
592 4095 751 4173 quaestor,
777 4103 810 4150 σν
828 4085 894 4151 fere
919 4086 1083 4152 111⁰a.c.
1106 4086 1242 4170 (Glinton

74 4208 107 4272 F.
131 4209 169 4274 Η.
195 4221 227 4270 a⁰
252 4214 312 4274 111
338 4209 400 4275 Cic.
424 4207 463 4275 de
485 4208 574 4275 Orat.
597 4209 622 4274 l.
649 4204 717 4295 11).

116 4325 261 4410 ἕβδομος·
298 4331 451 4407 Μιλήσιος
488 4328 645 4402 πολιτικὸς
682 4325 901 4411 συγγινφεύο.
954 4327 1052 4395 Locos
1085 4324 1124 4392 ad
1157 4323 1243 4391 hunt
