2848 4546
706 289 747 354 56

145 515 317 597 Ἐρυθραῖος
342 513 625 599 πολιτογραφηθεὶς
654 515 685 578 ἐν
715 522 754 596 τῇ
778 510 867 593 Muri·
895 505 1167 592 τρισκαιδέκατος,
1191 509 1317 582 Βιθυνός

145 634 283 717 Διφίλου
312 639 365 700 τοῦ
398 641 527 702 στωικοῦ
558 633 641 708 υἱός,
677 632 818 713 μαθητίης
849 630 881 696 δὲ
911 627 1082 695 Παναιτίου
1107 632 1162 694 τοῦ
1186 628 1316 695 Ῥοδίου·
1411 621 1412 646 ’

144 752 500 836 τεσσαρεςκαιδέκατος,
532 754 627 836 ρ’νίτοιρ
655 758 841 833 Σμυρναῖος.
880 747 933 814 καί
970 743 1050 814 οὗτοι
1082 747 1140 828 μὲν
1169 747 1297 829 λογικοί
1304 797 1314 823 ,

144 871 270 948 ποιηταί
297 872 341 938 δέ·
369 879 485 954 πρῶτος
511 871 651 955 οῖρχαίοον
681 869 842 952 κωμῳδίαν
864 866 1050 942 πεποιηκός·
1074 866 1212 949 δεύτερος
1231 867 1316 932 έποῖν

144 993 291 1068 ποιητός,
316 987 351 1059 οὖ
369 991 452 1072 μόνον
475 991 606 1076 σώζεται
627 991 701 1072 πρός
725 988 797 1061 τοὺς
817 987 978 1072 φθονεροὺς
1000 985 1146 1069 εἰρημένα
1168 983 1259 1053 τοίδε·

302 1112 373 1194 ζῳθν
396 1111 610 1190 ἀτιμήσαντες
633 1107 846 1192 ἀποφθίμενον
868 1107 1006 1174 ποθέουσι

300 1230 355 1297 καί
377 1233 444 1298 ποθ’
467 1231 540 1313 ὑπὲρ
562 1229 695 1309 τύμβοιο
720 1228 772 1294 καί
798 1225 912 1294 οίπνόου
937 1226 1068 1293 εἰδώλοιο

299 1349 403 1416 οίστεα
427 1357 523 1424 νεῖκος
547 1351 697 1425 ἐπῆλθεν,
722 1347 781 1429 ἔριν
805 1347 831 1414 δ’
854 1347 1010 1424 ἐστήσατο
1032 1345 1122 1421 λαός.

144 1469 261 1552 τρίτος,
292 1471 448 1552 Ταρσικὸς
482 1467 735 1552 σατυροχροίφος·
766 1468 915 1550 τέταρτος
953 1464 1089 1547 ίοίμβους
1119 1467 1316 1551 γεγραφώς,

144 1590 249 1672 πικρός
270 1590 371 1672 ὀίνηρ
396 1589 559 1669 πέμπτος,
587 1587 850 1670 ἀνδριαντοποιός,
884 1582 919 1652 οὗ
949 1586 1108 1666 μέμνηται
1147 1585 1316 1666 Πολέμων·

144 1705 246 1792 ἕκτος,
264 1709 457 1791 Ἐρυθραῖος,
489 1705 735 1790 ποικιλογράφος
760 1704 931 1788 ἄνθρωπος,
957 1702 988 1779 ός
1011 1704 1064 1770 καί
1088 1704 1228 1788 ίστοριιιόι
1255 1705 1315 1772 καί

141 1826 284 1910 ῥητορικός
313 1825 463 1904 πεποίηκε
484 1825 614 1906 βιβλία.

188 1949 352 2029 πρῶτος,
376 1945 635 2024 Χαλκηδόνιος
658 1945 693 2034 (l.
711 1943 951 2035 Καλχηδόνιος).
986 1944 1239 2033 Thrasymachus
1257 1945 1316 2016 hic

145 2076 340 2134 memoratur
370 2077 407 2132 nt
434 2067 584 2133 Demetrii
612 2065 812 2132 Calchedonii
838 2066 930 2145 civis,
955 2067 1045 2132 cuins
1067 2067 1196 2134 forsitan
1220 2066 1315 2134 disci·

144 2187 240 2276 pulus
262 2187 357 2254 luerit
368 2196 424 2252 aut
438 2186 471 2252 in
491 2186 611 2273 scriptis
629 2186 693 2252 suis
712 2186 899 2252 meminerit.
930 2187 975 2250 De
987 2185 1221 2278 Thrasymacho
1236 2210 1316 2277 ege-

142 2316 219 2373 runt
229 2307 298 2377 Viri
313 2305 515 2374 celeberrimi
529 2305 608 2372 Geel
625 2306 658 2371 in
670 2306 747 2373 Hist.
760 2305 835 2372 Crit.
851 2304 1067 2392 sophistarum
1087 2329 1118 2393 p.
1132 2307 1316 2373 sao-224

142 2435 174 2493 et
202 2428 309 2493 Groen
332 2449 362 2495 v.
386 2429 438 2495 Pr.
466 2428 499 2494 in
528 2427 656 2512 Prosop.
687 2425 809 2515 Platon.
844 2446 875 2511 p.
902 2426 1088 2493 rut-110.
1133 2425 1315 2492 Demetrius

142 2547 284 2635 Magnes,
308 2545 414 2612 habita
435 2545 488 2613 hic
510 2557 688 2633 temporum
710 2545 846 2623 ratione,
871 2544 1031 2610 notissimo
1049 2544 1201 2612 Phalereo
1221 2554 1313 2612 ente-

141 2667 246 2754 posuit
278 2664 538 2746 Calchedonium,
579 2688 673 2752 quern
707 2664 839 2731 Bahrius
876 2663 991 2754 (Paulli
1023 2664 1113 2732 Thes.
1150 2666 1193 2730 Il.
1228 2665 1310 2756 937)

143 2795 249 2851 vetere
270 2785 418 2874 Diogenis
440 2787 473 2850 L.
486 2785 659 2872 exemplari
681 2807 774 2863 usus,
797 2785 920 2851 vocavit
941 2785 1246 2874 Carthaginiensem
1271 2809 1314 2852 ex

142 2904 350 2986 Καρχηδόνιος
371 2904 576 2971 confirmatur
594 2905 729 2972 formam
748 2905 920 2994 genuinam
940 2928 1005 2970 esse
1023 2904 1247 2986 Καλχηδόνιος.

189 3023 345 3106 δεύτερος,
379 3026 473 3098 αιἰτδς
501 3019 599 3098 οὗτος.
624 3025 644 3090 i.
668 3048 696 3091 e.
734 3024 747 3088 ό
777 3023 948 3105 Φαληρεύς.
986 3025 1190 3113 Diogenes
1213 3028 1246 3093 L.
1269 3027 1311 3096 V.

145 3143 187 3211 75
207 3143 359 3227 ἄρξασθαι
385 3146 411 3211 δ’
433 3146 526 3211 αὐτόν
554 3151 610 3220 τῆς
644 3143 805 3218 πολιτείας
831 3144 910 3225 φησί
934 3145 1109 3226 Δημήτριος
1133 3147 1147 3210 ό
1170 3145 1310 3225 Μοίγνης

144 3266 175 3329 ἐν
201 3272 265 3339 τοῖς
289 3263 505 3344 Ὁμωνύμοις,
537 3264 630 3331 ὁπότε
653 3266 764 3348 φυχθιν
783 3263 986 3345 Ἀλέξανδρον
1011 3265 1055 3338 είς
1078 3266 1210 3342 Ἀθήνας
1237 3261 1310 3340 ἧκεν

140 3383 315 3466 Ἅρπαλος.

188 3502 235 3570 cf.
258 3503 439 3570 Clintonum
462 3505 495 3571 F.
512 3507 551 3569 Η.
574 3518 607 3570 a⁰
630 3503 713 3583 325,
737 3503 789 3569 cui
811 3526 875 3568 non
899 3501 979 3569 alius
1000 3506 1084 3570 testis
1106 3503 1266 3570 landatur.

189 3623 348 3705 τέταρτος.
396 3622 445 3689 hd
466 3624 553 3690 hunc
581 3648 646 3691 non
671 3623 821 3703 dubium,
859 3623 936 3709 quin
970 3622 1127 3689 referendi
1148 3624 1211 3690 sint
1232 3623 1309 3705 loci,

144 3742 232 3810 allati
254 3765 273 3809 a
294 3743 420 3809 Walzio
442 3745 475 3809 in
494 3743 596 3809 Panlii
614 3743 704 3810 Thes.
728 3744 769 3810 ΙΙ.
796 3744 860 3808 144
879 3753 911 3809 et
932 3741 971 3808 ad
993 3744 1188 3810 Demetrium
1210 3742 1310 3810 unde-

142 3863 330 3943 vicesimus,
350 3862 519 3929 Polemone
535 3863 761 3950 antiquiorem,
780 3884 818 3927 ea
833 3884 914 3948 quae
929 3860 1011 3928 idem
1030 3862 1174 3930 Walzins
1188 3886 1220 3951 p.
1233 3864 1311 3932 943.

188 3983 344 4061 πέμπτος.
378 3984 424 4048 De
441 3981 501 4049 hoc
519 3982 621 4070 deque
637 3991 842 4070 praeceptore
859 3982 1028 4069 Apollonio
1046 3980 1166 4050 Solensi
1181 3982 1311 4050 aliunde

142 4125 207 4170 non
230 4111 360 4170 constat.
407 4103 515 4186 Quum
537 4102 701 4189 Aspendus
724 4102 929 4191 Pamphyliae
951 4102 1027 4169 urbs
1048 4104 1103 4184 sit,
1133 4103 1185 4170 hic
1210 4101 1308 4183 forte,

145 4233 181 4288 ut
214 4222 267 4287 alii
296 4221 405 4300 multi,
436 4221 475 4287 de
504 4223 606 4309 patria
635 4245 692 4289 sua
728 4224 887 4311 scripserit
915 4234 947 4290 et
975 4233 1085 4290 auctor
1125 4223 1221 4291 fuerit
1249 4228 1309 4289 τοῖιν

141 4346 378 4424 Παμφυλικιῖν,
402 4340 441 4408 de
464 4341 577 4428 quibus
600 4341 650 4409 adi
672 4342 796 4410 lluller.
820 4346 853 4408 F.
877 4345 913 4410 Η.
937 4345 993 4410 Gr.
1016 4345 1073 4413 IV.
1098 4347 1174 4412 382.
