2848 4546
643 317 707 382 115

84 556 118 612 et
141 545 229 626 235,
248 544 372 632 optimis
394 544 588 632 argumentis
611 545 713 622 nisus,
742 542 979 620 demonstravit,
1006 563 1106 607 novae
1132 564 1254 610 comoe-

85 665 157 730 diae
180 674 303 753 poetam
328 664 421 731 fuisse
444 674 475 730 et
496 663 637 730 floruisse
663 664 746 730 eirca
768 671 911 750 tempora
934 661 1072 727 Philotae
1094 662 1157 728 Coi.
1181 663 1255 726 llei-

85 785 182 850 nekio
203 784 255 850 hic
277 785 403 872 quidem
426 807 491 850 non
515 807 607 863 usus,
631 783 763 850 fluctuat
786 781 1017 848 Grafenhanius
1039 783 1064 848 I.
1089 803 1120 867 p.
1145 783 1220 846 533.

131 903 244 986 τρίτος.
280 905 355 983 Hic,
386 906 491 970 Strato
519 905 681 992 Berytius,
713 904 791 968 vixit
811 903 901 968 initio
922 901 1038 966 saeculi
1061 901 1143 966 tertii
1166 922 1194 966 a.
1219 901 1253 966 G.

84 1034 118 1089 et
151 1023 292 1110 aequalis
325 1021 386 1088 fuit
417 1025 571 1090 Stratonis
604 1023 816 1111 Lampsaceni.
869 1022 1072 1086 Erasistratus
1113 1032 1257 1086 mortuus

85 1155 133 1210 est
154 1155 201 1210 κθ.
226 1143 291 1208 258
315 1165 343 1208 a.
366 1143 399 1209 G.
424 1152 460 1207 ut
481 1165 521 1208 ex
550 1142 683 1208 Eusebio
712 1141 753 1207 ad
781 1141 813 1210 h.
836 1163 865 1206 a.
897 1139 1027 1226 aliisque
1049 1139 1169 1206 indiciis
1190 1139 1255 1205 col-

86 1264 163 1352 ligo.
210 1265 281 1328 Non
311 1263 393 1328 inter
422 1283 539 1350 paucos
561 1261 745 1350 discipulos,
773 1259 1026 1348 praeceptoribus
1048 1269 1256 1346 praestantes,

83 1393 154 1449 erat
176 1384 282 1449 Strato
303 1383 458 1470 Berytius.
479 1381 522 1448 cf.
545 1381 710 1470 Sprengel.
734 1379 847 1447 Gesoh.
871 1379 902 1446 d.
927 1380 1022 1444 Arzn.
1048 1380 1080 1456 l,
1104 1378 1180 1443 600.

130 1503 196 1586 Qui
225 1513 420 1568 memoratur
449 1503 571 1580 Strato,
602 1501 670 1581 arpi
698 1498 878 1582 εὑρημάτων
902 1499 1052 1584 scriptor,
1077 1498 1102 1562 is
1123 1520 1187 1562 non
1211 1507 1257 1562 est

84 1623 307 1710 peripateticus
335 1623 478 1710 ignotus,
502 1620 712 1686 Alexandriae
737 1619 853 1707 degere
872 1617 998 1696 solitus,
1024 1616 1108 1703 quod
1132 1617 1256 1682 volebat

84 1743 176 1812 Voss.
206 1742 245 1808 H.
270 1740 325 1806 Gr.
350 1764 381 1828 p.
408 1743 486 1820 172,
516 1740 570 1806 sed
599 1741 845 1827 Lampsacenus,
872 1751 906 1803 ut
927 1737 1152 1806 demonstravit
1172 1735 1254 1802 Mul·

86 1861 174 1926 lerus
196 1861 229 1928 F.
243 1862 280 1925 H.
301 1859 357 1925 Gr.
381 1861 422 1924 II.
447 1860 523 1934 369.
716 1944 719 1950 ,

130 1979 258 2054 ποιητὴς
297 1977 560 2057 ἐπιγραμμάτων.
608 1977 749 2062 Reliquis
781 1977 877 2065 plane
909 1979 1024 2065 ignotis
1057 1975 1255 2041 stratonibus

87 2095 354 2162 adnumerandus.

540 2253 804 2312 ΣΩΚΡΑΤΕΙΣ.

131 2456 157 2522 Ι.
182 2457 334 2524 Socrates.

132 2575 336 2662 Diogenes
360 2574 391 2642 L.
416 2575 459 2638 11.
483 2577 537 2644 47.
562 2577 675 2655 Γέγονε
702 2578 733 2642 δὲ
757 2576 809 2641 nal
838 2574 937 2660 ἕτερος
966 2578 1149 2660 Σωκράτης,
1172 2577 1256 2644 luro-

85 2693 185 2775 ρικός,
220 2695 401 2775 περιήγησιν
423 2695 561 2777 ’Ἄργους
586 2699 772 2779 γεγραφώς·
796 2697 848 2762 sal
871 2697 969 2770 ἄλλος
994 2697 1254 2779 περιπατητικός,

85 2812 219 2885 Βιθυνός·
247 2813 301 2878 καὶ
332 2811 433 2896 ἕτερος
470 2813 724 2897 ἐπιγραμμάτων
760 2819 900 2894 ποιητής·
927 2818 979 2882 aui
1006 2817 1019 2881 ὅ
1049 2819 1148 2899 Κῷος,
1188 2819 1255 2882 ἐπι-

85 2934 212 3009 κλήσεις
242 2933 312 2998 θεῶν
339 2935 522 3017 γεγραφώς.

131 3053 354 3138 Peripateticus
376 3052 531 3141 Bithynus
553 3079 667 3142 parum
689 3067 792 3122 notus.
827 3059 873 3120 De
891 3057 1165 3144 epigrammatario
1185 3057 1255 3122 vide

85 3171 235 3237 Babrium
269 3173 301 3238 in
335 3172 438 3238 Paulii
471 3173 560 3240 Thes.
595 3177 650 3246 Vl.
680 3201 711 3263 p.
742 3175 838 3242 1249.
883 3177 928 3240 De
961 3176 1090 3261 reliquis
1123 3175 1253 3242 meliora

86 3313 183 3377 quam
217 3293 480 3380 Westermannus
513 3305 544 3359 et
573 3295 722 3375 Bahrius,
754 3295 961 3383 suppeditabit
988 3295 1140 3361 Hullerus
1161 3297 1194 3361 F.
1215 3297 1254 3360 H.

87 3409 144 3477 Gr.
168 3411 224 3479 lv.
249 3411 442 3478 496-503:
468 3435 567 3499 quum
590 3416 852 3481 Westermannus
876 3415 921 3505 (in
944 3415 1047 3480 Paulii
1068 3414 1157 3481 Thes.
1178 3413 1201 3481 l.
1219 3413 1255 3502 l.)

85 3529 231 3610 fluctuat,
263 3541 372 3596 utrum
398 3531 442 3596 aa
466 3533 604 3614 Κρητικαὶ
628 3533 796 3599 habuerint
818 3543 978 3600 auctorem
1002 3534 1187 3599 Sosioratem
1212 3556 1253 3598 an

86 3650 264 3729 Socratem,
299 3651 451 3717 Hullerus
480 3676 511 3738 p.
542 3651 608 3719 500
637 3655 705 3718 iure
735 3651 919 3735 Xaurapalrn
951 3663 1073 3718 tantum
1105 3653 1250 3742 agnovit3

85 3767 117 3832 id
141 3768 193 3833 alii
215 3769 277 3834 loci
307 3769 494 3836 confirmant
525 3783 556 3836 et
581 3773 757 3837 Demetrius
778 3774 924 3861 Magnes,
954 3773 1046 3838 cuius
1068 3772 1252 3837 auctoritate

84 3886 235 3952 Hullerus
263 3886 304 3952 ad
333 3888 448 3976 fragm.
473 3892 512 3958 H.
535 3890 591 3958 Gr.
623 3891 765 3957 nondum
796 3913 872 3956 usus
894 3892 963 3959 fuit.
998 3897 1152 3972 Κρητικῶν
1176 3911 1251 3955 auc-

85 4017 148 4085 tor,
183 4006 377 4093 Apollodoro
410 3991 569 4096 antiquior
601 4010 726 4099 (Strabo
748 4033 778 4096 p.
803 4009 902 4099 474),
926 4012 951 4076 si
974 4012 1116 4075 Socrates
1144 4009 1251 4074 fuisset

84 4124 277 4212 appellatus,
306 4149 326 4192 a
348 4128 506 4196 Demetrio
528 4130 578 4196 hic
601 4153 665 4195 non
688 4131 938 4217 praetermissus,
962 4153 1065 4216 neque
1088 4129 1170 4193 inter
1192 4129 1249 4192 So·

83 4245 210 4311 siccatas
233 4257 378 4335 receptus
401 4247 517 4316 fuisset.
788 4232 792 4237 ⁷

125 4367 270 4435 Socrates
303 4369 443 4456 Rhodius
465 4369 646 4452 historicus,
680 4372 789 4458 quiin
813 4368 984 4454 libroarpl
1012 4368 1167 4454 ἐμφυλίου
1197 4393 1253 4446 ao-

433 4484 436 4488 .
1028 4489 1072 4538 R*
