2822 4540
728 265 770 330 30

166 490 336 556 lleursiuru
360 488 468 555 retulit
491 488 596 556 locum
620 488 741 554 Aeliani
764 489 803 555 V.
818 488 856 551 H.
881 486 912 550 4.
940 484 981 549 14
1003 481 1059 548 ubi
1082 481 1231 550 laudatur
1253 483 1338 548 Ana·

167 633 305 698 sagorae
323 608 403 675 liber
425 609 492 691 περ)
520 608 708 688 decurtatae,
735 606 774 672 ad
798 603 978 691 exemplum
998 604 1155 682 IsocratiS,
1175 602 1208 670 in
1229 601 1341 668 eodem

169 739 358 818 argumento
377 730 508 808 versuti,
529 731 738 815 conscriptus3
763 729 838 792 item
859 724 899 790 ad
910 722 1100 802 Aristotelis,
1124 722 1343 809 peripateticos

169 849 262 914 simili
282 851 431 914 materiae
451 871 578 935 operam
599 847 718 913 dedisse
733 845 867 912 ostendit
880 845 1031 910 Luzacius
1042 844 1126 908 Lect.
1139 844 1203 908 Art.
1217 864 1249 928 p.
1267 843 1341 908 140.

212 967 477 1050 animamarum,
506 963 539 1032 ori
559 967 717 1046 μέμνννιιι
743 965 931 1044 Ἀντίγονος.
957 965 1064 1045 Quum
1084 962 1185 1028 Paulii
1204 963 1344 1028 Thesau-

143 1089 148 1096 ’
170 1111 225 1154 rus
249 1111 277 1155 v.
302 1089 444 1175 Anaxag.
469 1086 546 1152 nihil
564 1088 623 1152 nisi
641 1087 814 1152 Pausaniae
834 1085 940 1150 locum
962 1083 1013 1173 (V.
1035 1084 1087 1148 23.
1110 1083 1140 1171 1)
1163 1083 1346 1170 allenagio
1407 1083 1408 1096 *

171 1208 333 1274 laudatum
370 1207 498 1294 praebet
527 1217 559 1272 et
589 1230 628 1272 ne
650 1207 765 1272 ilberto
795 1204 921 1293 quidem
956 1203 995 1270 de
1025 1205 1174 1268 statuario
1204 1213 1344 1280 constat,
1407 1241 1408 1262 ι

173 1327 304 1392 meliora
326 1337 357 1392 et
379 1327 528 1392 uberiora
549 1326 647 1392 disces
669 1349 708 1390 ex
732 1326 854 1412 Silligio
877 1325 909 1390 in
929 1323 1027 1390 Catal.
1048 1323 1139 1387 Artis.
1160 1345 1190 1408 p.
1210 1325 1268 1401 42,
1290 1324 1346 1408 qui

172 1468 230 1510 sua
252 1445 306 1511 diu
329 1455 402 1511 ante
424 1445 612 1512 Paulianum
635 1445 831 1511 Thesaurum
856 1444 1017 1511 conditum
1040 1442 1145 1508 edidit.

217 1564 374 1652 Silligius‚
401 1565 477 1631 dum
500 1575 536 1630 ut
559 1566 652 1630 ceteri
671 1589 796 1642 omnes,
820 1563 1003 1653 ignorabat,
1029 1563 1176 1628 Demetrii
1192 1562 1346 1650 Magnetis

172 1684 229 1749 hos
251 1707 316 1748 esse
339 1684 506 1763 ὁμωνύμων
531 1684 703 1772 catalogos,
731 1694 817 1748 recte
840 1682 918 1748 dixit
939 1705 971 1746 se
993 1681 1078 1747 haud
1101 1680 1245 1746 dubitare
1269 1681 1346 1768 quin

173 1803 418 1886 ἀνδριαντοποιός
443 1827 461 1869 a
484 1805 622 1892 Diogene
646 1814 839 1869 memoratus
856 1801 939 1868 idem
952 1802 1063 1881 fuerit,
1083 1812 1177 1887 atque
1196 1803 1347 1887 antiquus

172 1924 343 2012 Aegineta,
367 1932 431 1996 τοῖς
455 1923 748 2006 Μοιριιθωνομιὶχοις
772 1923 920 2010 aequalis.

217 2041 414 2130 Antigonum
435 2045 621 2108 statuarium
645 2045 860 2130 pictoremque
883 2065 920 2108 ac
940 2041 1141 2108 Polemonem
1162 2043 1214 2108 ala
1231 2056 1346 2117 οτιιλο-

174 2161 274 2226 adurar
305 2163 498 2248 potissimum
526 2162 602 2228 adiit
629 2164 820 2242 Demetrius,
845 2163 1036 2249 antiquiores
1060 2161 1191 2227 artifices
1216 2162 1347 2226 investi-

174 2303 264 2369 gans.
299 2283 387 2362 „Per
409 2281 466 2348 hos
486 2282 607 2360 enim‚‘’
628 2284 730 2368 inquit
740 2282 900 2348 Prellerus
918 2282 1017 2374 (Mull.
1030 2284 1062 2346 P.
1075 2285 1112 2348 H.
1126 2282 1182 2348 Gr.
1196 2283 1252 2346 lll.
1268 2280 1346 2368 132)

176 2401 265 2465 cuius
294 2401 461 2486 suspicioni
484 2425 522 2466 ex
546 2403 703 2468 Demetrio
726 2401 811 2466 haud
834 2424 969 2488 parvum
993 2410 1189 2467 momentum
1213 2399 1348 2478 accedit,
1407 2397 1408 2470 l

177 2541 260 2605 „per
281 2517 339 2584 hos
360 2521 444 2584 enim
469 2519 650 2585 inchoatum
669 2530 716 2586 est
735 2521 947 2608 antiquarium
961 2520 1039 2586 illud
1060 2520 1215 2586 scribendi
1231 2518 1347 2608 genus,

177 2661 241 2724 quo
266 2637 446 2704 tabularum
470 2662 527 2726 per
548 2640 683 2727 templa,
715 2642 870 2728 porticus,
894 2641 1112 2728 pinacothecas
1134 2640 1348 2727 dispersarum

177 2770 366 2845 argumenta
403 2758 690 2826 describebantur.”
738 2759 831 2841 Quod
858 2759 896 2825 de
926 2760 1097 2826 Polemone
1126 2770 1157 2825 et
1187 2760 1349 2848 Antigono

177 2876 341 2942 confirmat
373 2879 527 2966 Diogenes
553 2880 586 2943 L.
616 2881 685 2946 Vll.
719 2882 793 2945 188.
839 2880 1016 2968 Antigonus
1046 2903 1086 2944 ex
1120 2902 1254 2945 numero
1289 2879 1349 2943 fuit

176 2994 305 3061 illorum
329 2997 501 3076 artificum,
521 2999 576 3085 qui
603 2998 765 3064 volumina
789 2998 827 3064 de
851 3021 907 3064 sua
930 3011 998 3064 arte
1021 2998 1229 3065 condiderunt
1254 2997 1348 3088 (Plin.

176 3116 213 3178 N.
228 3117 265 3178 H.
289 3117 342 3180 34.
367 3117 427 3204 8.),
453 3127 484 3182 et
503 3117 554 3183 hic
572 3141 725 3184 numerus
744 3142 843 3204 quum
863 3141 998 3208 magnus
1017 3119 1093 3196 fuit,
1117 3117 1233 3184 idcirco
1255 3117 1349 3183 multi

178 3233 355 3317 ζῳγράφοι,
390 3237 632 3317 ἀνδριαντοποιοί
668 3249 698 3303 et
734 3237 992 3317 ιὶγοιλμοιτονιοιοί
1026 3260 1045 3302 a
1074 3238 1232 3302 Demetrio
1266 3236 1349 3302 inter
1376 3255 1386 3266 ·

177 3353 355 3433 ὁμωνύμους
393 3354 484 3420 relati
518 3365 600 3421 sunt.
657 3356 815 3422 Plurimos
844 3357 1008 3443 scriptores
1046 3355 1086 3420 de
1120 3367 1187 3421 arte
1220 3355 1350 3444 collegit

178 3471 389 3538 Graefenhan.
424 3475 465 3538 ll.
489 3497 520 3560 p.
544 3477 608 3540 208
628 3499 728 3562 seqq.‚
753 3487 837 3541 reete
860 3474 981 3552 dicens,
1005 3484 1127 3540 tantum
1151 3497 1214 3540 non
1239 3498 1347 3541 omnes

178 3591 311 3657 artifices
334 3603 370 3656 ut
387 3592 582 3659 humanitate
605 3595 777 3681 praeditos,
803 3595 842 3660 ad
862 3594 1060 3660 scribendum
1085 3596 1227 3660 animum
1249 3617 1346 3682 appu·

177 3710 263 3793 lisse;
289 3712 373 3799 quod
396 3715 428 3778 in
459 3713 654 3780 feracissimis
682 3716 810 3780 Graecis
841 3725 938 3779 certe·
953 3714 1068 3780 mirum
1092 3737 1156 3778 nou
1180 3726 1257 3779 erat.

222 3830 363 3919 Silligius
384 3832 418 3897 C.
438 3835 475 3897 Α.
500 3856 530 3920 p.
556 3839 599 3899 53
621 3858 660 3900 ex
683 3835 784 3901 Plinio
808 3835 830 3900 l.
849 3834 870 3900 l.
895 3834 1028 3900 confecit
1049 3833 1244 3922 Antigonum
1265 3837 1347 3902 eirca

178 3950 243 4018 239
256 3973 283 4020 a.
296 3951 329 4018 C.
342 3951 495 4031 floruisse,
520 3952 605 4039 quod
623 3964 707 4019 recte
719 3953 875 4040 procedit;
896 3975 969 4018 nam
989 3955 1017 4018 ei
1036 3953 1182 4040 aequales
1199 3953 1345 4036 luerunt,

177 4068 306 4138 Polemo
328 4081 359 4136 et
381 4070 505 4136 Adaeus
527 4070 747 4158 Mytilenaeum
772 4073 888 4140 horum
909 4072 1034 4140 Adaeus
1057 4095 1077 4138 a
1097 4073 1207 4141 Vossio
1228 4075 1267 4140 Η.
1288 4075 1345 4140 Gr.

177 4210 208 4274 p.
239 4193 304 4258 377
335 4191 437 4256 West.
471 4191 574 4256 minus
607 4203 692 4259 recte
726 4194 808 4260 inter
837 4193 1000 4280 scriptores
1030 4193 1209 4282 incognitae
1238 4195 1347 4260 aetatis

176 4307 311 4373 reiectus
340 4317 399 4374 est:
431 4308 611 4378 Athenaeus
632 4335 663 4398 p.
689 4313 752 4380 606
775 4313 808 4380 0.
840 4313 932 4380 affert
965 4311 1109 4382 Adaeum
1139 4313 1170 4378 ἐν
1201 4313 1244 4395 τῷ
1276 4313 1345 4395 περὶ
