2848 4546
613 300 653 364 59

51 521 129 608 δρείμ
156 529 216 597 τῆς
239 522 338 606 Ἥρωος
361 520 555 602 οὶγοὶλμοιτος
578 521 732 604 ἐφωράθη·
759 525 796 595 ὡς
819 524 850 589 δὲ
872 523 964 590 ἄλλοι
989 521 1035 591 ὅτι
1057 523 1218 601 aaronita·

51 669 97 710 οεν
119 643 317 724 Εὐριπίδειον
339 643 504 722 Φιλότιμον
519 644 554 708 τὸ
573 645 681 725 δροῖμοο
702 641 774 724 ἕχον
790 644 841 709 τὸν
862 643 985 722 Ἰξίονος·
1008 641 1102 726 ἕτεροι
1121 644 1152 710 δὲ
1173 641 1219 710 ὅτι

52 767 88 848 τῷ
105 761 288 846 διδασκάλῳ
306 762 504 845 Ἀριστάρχῳ
518 764 695 844 οὶντιᾷοισεν,
720 760 819 845 ὥσπερ
836 766 849 830 ὃ
865 764 961 843 Ἰξίων
977 766 1219 846 εὐεργετήσωσιν

52 885 142 950 αὐτὸν
164 891 232 956 τοῖς
255 884 331 955 θεοῖς
353 883 541 964 ἀχαριστεῖν
562 881 799 964 turgebat-eff,
823 893 914 950 etex
938 893 1019 949 tetro
1042 882 1221 950 adversario

52 1001 204 1082 cundem,
240 1011 405 1070 strenuum
439 1011 708 1090 propugnatorem
736 1004 821 1069 nacti
853 1025 977 1086 sumus;
1010 1005 1042 1070 iu
1065 1003 1114 1070 his
1136 1005 1220 1072 enim

54 1121 165 1190 Suidae
196 1121 300 1189 verbis
328 1121 413 1188 haud
443 1122 576 1189 obscura
605 1124 723 1189 mentio
752 1124 833 1190 inest
855 1125 995 1192 Ixionem
1018 1135 1221 1211 praeceptore

53 1265 143 1309 usum
180 1242 276 1310 fuisse
308 1241 506 1322 Aristarch03
539 1242 600 1308 boc
628 1265 739 1308 verum
770 1254 816 1309 est
841 1253 873 1310 et
895 1242 985 1310 facile
1008 1241 1222 1310 condonamus

55 1363 184 1443 Suidae,
205 1363 310 1450 quiin
334 1371 420 1428 tanta
442 1363 674 1455 Demetriorum
697 1363 786 1451 copia
810 1385 846 1428 ac
869 1361 962 1428 turba
988 1362 1124 1430 diversos
1147 1385 1222 1429 con·

55 1481 185 1562 luderit;
211 1493 296 1549 recte
319 1492 424 1548 autem
448 1481 577 1548 Suidam
599 1482 740 1547 Ixionem
764 1481 867 1548 dicere
888 1482 1061 1548 Aristarchi
1083 1482 1222 1569 discipu-

56 1601 118 1669 lum
148 1603 202 1668 vel
224 1601 296 1668 inde
319 1611 466 1689 apparet,
492 1600 576 1688 quod
598 1601 774 1666 Demetrius
796 1603 923 1691 Magnes
945 1601 984 1667 de
1006 1603 1114 1668 Ixione
1137 1624 1223 1667 mor·

57 1732 108 1788 tuo
129 1723 292 1811 loquitur,
318 1732 354 1787 ut
377 1721 551 1797 ἐπικληθείς
575 1720 777 1787 demonstrat.
823 1725 867 1789 De
890 1723 1038 1788 Demetrii
1060 1721 1221 1809 operibus,

58 1852 85 1908 et
115 1843 247 1910 nomine
280 1841 375 1920 Ἰξίων
412 1840 492 1906 bona
522 1839 605 1906 dedit
634 1840 865 1908 Grtlenbanius
896 1843 920 1906 I.
944 1847 1009 1908 421
1035 1866 1119 1930 seqq.
1146 1842 1223 1909 520.

58 1962 93 2027 Il.
117 1963 180 2044 55,
209 1965 282 2029 118.
308 1966 384 2031 173.
407 1972 438 2028 et
461 1960 500 2027 ab
523 1984 561 2026 eo
583 1962 760 2050 segregavit
786 1962 823 2051 (1.
848 1962 925 2052 545)
954 1962 1147 2029 Demetrium
1170 1961 1222 2026 τὸν

58 2082 200 2165 Πύκτην;
229 2083 280 2149 bic
303 2092 358 2148 aut
379 2084 524 2170 Magnete
547 2081 651 2146 iunior
674 2080 747 2160 fuit,
773 2089 828 2146 aut
850 2081 889 2146 ab
912 2104 949 2146 eo
972 2103 1035 2147 nou
1059 2081 1222 2162 ἀξιόλογος

59 2199 179 2270 habitus
209 2211 265 2270 est.
311 2200 543 2268 Grtlenhanius
572 2209 675 2266 tamen
699 2223 762 2265 non
786 2201 818 2266 in
842 2200 903 2266 illis
932 2212 993 2280 est,
1025 2202 1080 2289 qui
1108 2201 1223 2268 horum

60 2322 223 2402 ὁμωνύμων
247 2321 464 2410 catalogorum
487 2321 640 2386 rationem
664 2329 771 2385 tenent
793 2329 824 2385 et
847 2319 932 2385 haud
955 2322 1058 2387 minus
1080 2343 1117 2387 ac
1140 2320 1224 2387 Clin-

59 2449 147 2508 tonus
171 2444 204 2511 F.
217 2444 255 2510 H.
278 2443 335 2507 III.
360 2441 436 2507 550.
460 2439 498 2505 de
520 2440 636 2505 Ixionis
658 2451 759 2505 aetate
781 2439 941 2519 titubavit,
965 2462 1039 2505 nam
1062 2440 1095 2506 in
1114 2439 1223 2506 eodem

61 2583 163 2643 sensu,
188 2562 220 2626 in
244 2561 457 2648 prioreparte
483 2557 644 2649 (Grafenh.
664 2560 690 2623 1.
711 2557 788 2647 421)
813 2582 885 2624 eum
909 2558 1090 2626 Aristarcho
1108 2581 1224 2647 aequa·

62 2679 117 2748 lem
142 2681 251 2761 fuisse,
277 2690 387 2747 contra
409 2681 441 2744 in
464 2679 543 2759 fine,
567 2678 625 2743 sub
647 2678 793 2767 Augusto
815 2678 925 2744 vixisse
947 2679 1078 2766 scripsit.

100 2803 242 2876 δέκοιτος.
293 2802 342 2866 Ab
375 2799 540 2880 ὁμωνύμων
572 2809 700 2864 auctore
730 2800 812 2864 Inter
841 2797 1023 2877 ἀξιολόγους
1053 2797 1224 2864 Demetrion

62 2921 221 3002 ἀξιόλογος
244 2922 318 3003 ἀνὴρ
341 2920 455 3000 dietus,
480 2920 506 2984 is
530 2919 619 2985 nobis
642 2917 766 3006 quidem
787 2917 914 2984 aliunde
932 2919 1059 3005 ignotus
1077 2926 1136 2998 est;
1161 2915 1226 2983 dno

63 3052 163 3109 autem
186 3049 275 3115 sunt.
301 3039 385 3106 unde
408 3039 552 3105 conficias
574 3039 625 3103 τὸν
651 3037 798 3118 Στοὶμνον
822 3060 861 3103 ex
883 3035 1097 3102 Alexandrina
1119 3035 1226 3103 schola

63 3163 235 3244 profectum
267 3161 373 3227 fuisse:
406 3159 558 3238 alterum,
589 3158 673 3246 quod
704 3160 825 3244 Cyrene
848 3167 941 3223 natus
964 3156 1084 3222 medius
1107 3157 1226 3244 etipse

65 3282 285 3369 grammaIIcus
317 3282 400 3346 inter
429 3303 481 3345 eos
510 3279 732 3368 grammaticos
762 3278 916 3357 occurrit,
941 3278 994 3364 qui
1017 3274 1227 3342 Alexandriae

65 3399 233 3491 degerunt,
260 3400 412 3479 alterum,
437 3397 522 3486 quod
544 3400 576 3465 in
600 3421 637 3463 eo
659 3420 785 3484 quoque
808 3397 1016 3485 superborum
1038 3393 1226 3461 Alexandri-

27 3503 33 3520 ’
65 3541 175 3588 norum
211 3520 466 3588 consuetudinem
503 3519 718 3608 agnoscimus.
751 3519 805 3605 qui
835 3515 1019 3583 scurrilibus
1047 3515 1227 3582 nominibus

66 3661 94 3706 se
121 3641 255 3708 invicem
285 3639 451 3719 ludebant3
484 3661 621 3724 quorum
644 3649 749 3704 tamen
772 3638 935 3704 nominum
960 3659 1023 3703 non
1046 3637 1178 3715 mirum,
1202 3636 1228 3701 ai

66 3757 151 3827 bodie
179 3759 269 3826 nobis
298 3759 390 3846 periit
412 3757 549 3824 aculeus.
587 3756 639 3847 (cf.
663 3756 811 3824 Grt'afenb.
837 3759 863 3826 I.
888 3759 970 3835 393,
994 3756 1226 3824 relterari.

67 3878 118 3946 Gr.
140 3882 198 3948 III.
224 3879 314 3968 167).
345 3875 503 3944 Eiusmodi
526 3875 679 3963 quaedam
703 3876 891 3966 cognomina
907 3875 1011 3942 attulit
1032 3875 1228 3945 Valckenae·

68 4001 127 4068 rius
156 4000 195 4068 de
227 3998 404 4066 Aristobulo
427 4021 457 4085 p.
484 3999 564 4076 110,
589 3996 681 4064 etad
704 4019 820 4063 nomen
844 3994 990 4074 Στοὶμνος
1014 3995 1085 4062 vide
1105 3994 1229 4062 Aeliani

69 4120 104 4188 V.
126 4125 164 4190 H.
188 4123 259 4187 XII.
286 4120 364 4198 126,
388 4118 455 4201 τερ)
486 4119 676 4203 οἷνοφιινγῶν
707 4118 794 4182 τινῶν
825 4125 856 4183 et
882 4115 987 4182 Geier.
1009 4113 1100 4182 Alex.
1123 4113 1230 4202 Idagni

70 4241 179 4310 Histor.
203 4243 270 4308 Scr.
293 4263 325 4328 p.
350 4242 427 4309 317.

111 4361 290 4437 ἑνδέκατος,
324 4363 474 4445 Σκήψιος.
523 4359 658 4448 insignis
687 4355 909 4442 γροομμοοτικός
944 4353 1068 4445 (Strabo
1094 4377 1125 4442 p.
1151 4354 1229 4444 609)
