2822 4540
710 223 730 286 8

141 445 283 516 uirorum
312 457 343 514 et
372 448 500 515 urbium
530 447 627 526 dedit,
659 445 713 512 sed
742 447 775 510 in
804 443 1008 532 scriptoribus
1037 441 1220 530 praesertim
1248 438 1309 505 hoc

140 567 218 655 egit,
242 579 279 633 ut
290 570 385 634 vitam
398 567 592 634 celeberrimi
603 567 770 652 cuiusque,
793 565 827 630 in
838 564 996 652 plerisque
1006 561 1156 652 brevius,
1179 560 1212 627 in
1235 560 1311 626 insi-

140 687 304 776 gnioribus
322 689 476 776 copiosius
497 697 659 766 narraret,
684 685 785 774 deque
807 708 918 751 eorum
938 684 1059 771 scriptis
1077 703 1168 749 suam
1186 688 1311 746 senten·

140 806 216 872 tiam
239 809 473 894 pronunciaret.
519 806 595 873 Tale
617 829 695 894 opus
720 803 896 871 multorum
919 803 1094 869 studiorum
1117 800 1259 867 fructum
1282 809 1314 864 et

140 924 192 992 hio
215 949 340 1013 quoque
362 928 501 1008 χαλεπαὶ
523 927 567 993 rel
582 927 669 991 ratde
693 925 803 1004 fuisse,
827 947 922 990 nemo
944 945 1009 989 non
1024 921 1185 1012 intelligit,
1210 943 1313 987 secer·

140 1044 245 1111 nenda
274 1045 372 1132 probe
399 1045 592 1135 distinguere
612 1069 678 1112 uon
701 1047 807 1111 minus
828 1067 954 1110 necesse
977 1066 1073 1132 quam
1096 1041 1222 1109 difficile
1245 1051 1316 1108 erat

141 1164 182 1232 ob
198 1165 442 1232 innumerabiles
460 1166 570 1232 turbes
587 1175 619 1231 et
634 1164 864 1231 inextricabiles
883 1185 1023 1244 errores,
1047 1187 1126 1251 quos
1137 1162 1316 1252 genuitilla

141 1284 287 1350 locorum
299 1309 336 1353 ac
347 1287 489 1352 virorum
503 1285 638 1352 maxime
650 1285 823 1366 daerente.
871 1285 959 1368 Quos
980 1283 1079 1350 nodos
1090 1293 1126 1350 ut
1143 1284 1317 1372 explicaret

142 1413 174 1470 et
184 1404 345 1490 expediret
353 1406 528 1472 Demetrius
539 1407 697 1493 ipsorum,
714 1429 793 1493 quos
804 1407 978 1485 recensuit,
998 1428 1095 1493 opera
1106 1402 1314 1483 diiudicabat,

143 1532 176 1588 et
201 1523 263 1588 alia
281 1525 375 1590 etiam
399 1523 534 1591 subsidia
563 1527 592 1591 ei
621 1526 694 1592 usui
722 1536 827 1600 erant,
857 1525 987 1613 patienti
1009 1525 1117 1592 labore
1139 1532 1171 1590 et
1192 1523 1317 1612 ingenti

143 1642 320 1709 eruditione
349 1655 531 1731 comparata
559 1645 599 1712 ab
625 1646 662 1711 iis
684 1646 778 1725 viris,
804 1668 940 1732 quorum
963 1643 1019 1710 illu
1041 1642 1260 1728 aotoi'oropr'ar
1285 1653 1318 1709 et

142 1761 228 1828 haud
258 1785 333 1828 raro
362 1765 580 1846 drrrroparr'ar
612 1775 696 1831 aetas
725 1765 915 1833 feracissima
941 1765 1010 1832 fuit
1057 1765 1137 1830 llam
1161 1774 1198 1830 ut
1220 1764 1318 1831 ceteri

144 1905 254 1948 omnes
275 1884 452 1951 Demetrius
474 1907 549 1950 usus
567 1895 614 1950 est
631 1885 902 1974 Pergamenorum
921 1883 1068 1971 operibus
1083 1894 1114 1950 et
1132 1882 1318 1950 Callimachi

143 2000 251 2081 πίναξι
275 2008 335 2068 τῶν
359 2005 390 2069 ἐν
416 2001 504 2087 rrdrp
525 2003 654 2088 παιδείᾳ
678 2003 930 2086 διαλαμψάντων
953 2003 1006 2069 aod
1030 1999 1068 2068 dr
1090 2002 1317 2083 coetestem

144 2123 179 2188 in
210 2122 436 2210 Geographicis
457 2122 613 2210 pendebat
643 2123 683 2189 ab
696 2123 917 2203 Eratosthene,
942 2124 997 2210 qui
1018 2123 1140 2210 primus
1162 2132 1194 2188 et
1215 2123 1320 2188 Histo-

144 2241 227 2307 riam
243 2252 275 2307 et
292 2241 524 2332 Geographiam
548 2243 580 2308 in
603 2232 702 2308 artem
727 2241 849 2331 redegit
866 2253 897 2308 et
908 2245 1073 2329 utriusque
1091 2252 1226 2330 systema
1243 2265 1320 2308 con-

147 2359 234 2439 didit,
255 2361 339 2447 quod
362 2372 499 2450 systema
517 2385 625 2428 omnes
636 2363 734 2428 secuti
757 2372 793 2427 ut
803 2361 970 2450 Polybius,
995 2360 1209 2449 Hipparchus,
1233 2361 1321 2427 Posi-

146 2478 280 2560 donius,
304 2480 449 2569 deinceps
462 2503 627 2547 correxere
639 2491 670 2548 et
692 2491 860 2549 auxerunt.
907 2482 1097 2568 Quicunque
1120 2480 1163 2547 de'
1182 2481 1321 2568 antiquis

149 2600 332 2665 auctoribus
354 2601 472 2686 aliquid
495 2601 704 2690 investigabat
726 2602 755 2666 ei
778 2601 914 2668 adeundi
937 2613 1028 2668 erant
1046 2601 1247 2669 Callimachei
1265 2613 1323 2667 aut

149 2719 337 2807 Pergameni
359 2720 488 2793 πίνακες
509 2721 536 2809 ¹)
561 2732 592 2787 et
614 2722 738 2788 videtur
759 2723 936 2788 Demetrius
958 2721 1019 2789 hoe
1042 2744 1168 2808 quoque
1191 2720 1322 2788 consilio

149 2860 229 2923 opus
245 2861 338 2903 suum
358 2839 426 2922 περὶ
448 2846 506 2904 τῶν
530 2841 698 2922 incaduca
720 2842 893 2908 condidisse
912 2852 947 2906 ut
966 2841 1072 2928 aliqua
1091 2851 1175 2907 certe
1200 2841 1323 2908 ratione

148 2955 220 3022 illas
249 2956 373 3023 tabulas
400 2959 572 3048 adaugeret
603 2971 635 3027 et
662 2961 701 3027 ad
724 2985 781 3029 sua
804 2975 946 3050 tempora
968 2961 1165 3049 produceret.
1211 2963 1323 3028 Neutri

151 3086 258 3141 autem
288 3075 412 3142 scholae
440 3101 545 3165 neque
574 3079 806 3146 Alexandrinae
834 3105 938 3168 neque
968 3084 1182 3170 Pergamenae
1205 3103 1322 3146 nomen

153 3193 258 3274 dedit,
283 3196 336 3261 sed
359 3219 398 3262 ex
419 3197 481 3262 illis
492 3197 605 3265 scholis
627 3199 682 3265 ubi
693 3201 865 3268 Asiaticum
888 3201 1012 3268 dicendi
1030 3200 1322 3292 genescolebatur,

151 3314 311 3400 profectus
332 3315 401 3382 fuit.

198 3431 236 3498 ld
255 3456 356 3521 genus
374 3434 498 3502 dicendi
514 3440 645 3524 pessime
664 3439 772 3507 oderat
791 3442 956 3530 Dionysius
967 3441 1094 3531 flata),
1114 3442 1169 3528 qui
1188 3463 1325 3530 magnus

155 3551 211 3618 sibi
241 3553 349 3619 rhetor
375 3566 407 3619 et
435 3557 468 3622 in
496 3557 649 3640 historicis
678 3584 777 3648 paene
806 3561 887 3627 alter
915 3561 1113 3650 Thucydides
1140 3559 1322 3639 videbatur,

155 3669 228 3737 hinc
258 3672 313 3738 ubi
336 3674 473 3762 aliquem
496 3680 667 3747 Asiaticum
690 3682 804 3768 carpit,
828 3681 1023 3750 excandescit
1045 3692 1076 3747 et
1097 3681 1221 3748 insolita
1243 3681 1325 3748 acri-

154 3791 261 3857 monia
282 3794 358 3880 quid
380 3797 510 3876 sentiat,
534 3798 617 3869 dicit.

188 4027 208 4095 ιι
227 4007 322 4084 anes.
346 4050 370 4098 p.
395 4041 445 4086 ese
470 4036 499 4088 o.
523 4039 599 4090 oron.
623 4041 683 4092 na.
699 4044 730 4094 ee
753 4043 813 4094 na.
831 4059 853 4094 e.
876 4050 886 4093 1
907 4051 932 4096 et
948 4061 969 4095 ι.
992 4050 1031 4095 11.
1049 4045 1124 4096 nien.
1145 4046 1206 4097 Har.
1225 4047 1258 4098 ee
1278 4047 1327 4098 ne

153 4115 284 4165 mosthene
301 4124 326 4166 et
342 4118 480 4170 Aristotele
497 4137 518 4170 c.
538 4129 562 4173 4.

188 4193 209 4261 ²)
227 4198 302 4250 Dion.
316 4201 377 4253 Hel.
395 4204 427 4255 de
444 4213 495 4256 ant.
514 4216 576 4258 orat.
597 4214 608 4258 1
629 4218 654 4261 et
672 4212 697 4262 in
715 4229 736 4262 c
756 4218 770 4263 8
788 4213 847 4264 libri
864 4214 896 4264 de
912 4214 1052 4277 Dinarcho,
1069 4231 1145 4282 quem
1162 4224 1217 4282 post
1234 4217 1279 4268 illa
1296 4219 1327 4269 de

153 4289 204 4332 ant.
223 4298 259 4334 or.
277 4289 434 4354 conscripsit,
453 4300 481 4343 ut
497 4292 549 4358 ipse
566 4295 597 4346 de
615 4295 674 4347 Diu.
693 4314 714 4348 c.
735 4303 746 4347 1
767 4305 878 4350 testatur.
