2848 4546
666 266 729 329 107

115 482 199 548 unde
223 506 280 554 sua
303 483 456 550 Ilullerns
478 486 589 566 habet,
614 491 829 568 γεωμετρικῶν
853 489 1038 574 scriptorem
1063 502 1154 556 vocat
1176 493 1285 557 Prota·

112 625 243 692 goram,
279 615 311 669 et
340 605 388 668 vir·
422 628 565 672 summus
597 607 630 671 in
660 607 692 672 F.
717 607 754 672 H.
784 607 859 686 Gn,
896 609 1049 673 memoria
1083 608 1188 696 lapsus
1220 611 1285 697 ipsa

111 734 219 810 postea
242 736 327 790 reete
349 725 381 790 in
405 724 498 812 proll.
524 724 563 790 ad
587 725 703 813 Geogr.
727 725 801 791 Illin.
826 747 857 811 p.
882 727 1027 792 CXXXII
1050 727 1088 792 de
1111 730 1285 818 Protagora

111 855 236 910 tantum
261 844 412 931 loquitur.
452 845 626 927 Quaeritur
649 855 754 910 autem
778 867 818 909 an
842 846 1051 928 άοτρολάρος,
1077 847 1285 935 Euphorionis

110 963 266 1052 aequalis,
298 963 380 1028 idem
404 964 458 1042 sit,
490 985 527 1028 ae
557 969 772 1045 γεωμετρικῶν
798 976 918 1029 auctor.
964 965 1048 1030 Licet
1071 966 1162 1031 etde
1185 977 1284 1032 astro-

109 1083 187 1172 logo
210 1083 303 1171 plura
326 1083 501 1150 nesciamus
530 1107 589 1148 nec
612 1083 651 1148 de
673 1093 774 1149 aetate
797 1091 1011 1163 γεωμετρικῶν
1045 1087 1182 1151 auctoris
1204 1109 1284 1151 oon·

107 1217 186 1284 stet,
222 1216 328 1270 tamen
359 1204 454 1291 longe
485 1203 599 1269 diversi
621 1215 695 1268 sunt
725 1202 875 1282 habendI,
906 1227 1006 1290 quum
1036 1216 1199 1292 geometra
1230 1204 1285 1270 diu

108 1334 180 1410 post
202 1322 360 1388 Christum
379 1324 501 1388 vixerit.
526 1321 639 1386 Strabo
658 1345 731 1387 eurn
754 1344 819 1386 non
842 1322 944 1401 novit,
970 1346 1064 1408 quem
1088 1324 1113 1390 si
1135 1324 1282 1404 novisset,

109 1442 197 1510 utilis
221 1441 322 1528 operis
344 1441 439 1506 huius
462 1443 654 1530 Protagorae
686 1441 891 1506 meminisset:
929 1445 1119 1531 Protagoras
1152 1445 1184 1508 in
1219 1446 1283 1512 suis

107 1562 197 1628 libris
219 1561 365 1627 locorum
388 1561 555 1626 intervalla
578 1561 621 1624 ita
644 1560 776 1638 notavit,
802 1571 838 1625 ut
860 1560 1035 1627 maximum
1059 1586 1229 1630 numerum
1253 1575 1285 1630 et

106 1681 276 1747 minimum
311 1681 489 1748 stadiorum
519 1692 659 1758 notaret,
696 1681 749 1766 qui
780 1680 862 1745 inter
892 1681 980 1746 binos
1011 1681 1095 1747 locos
1125 1707 1164 1750 ex
1190 1685 1284 1750 variis

106 1800 308 1888 opinionibus
342 1801 587 1868 intercedebant.
625 1800 785 1890 (Marcian.
811 1802 884 1868 Her.
909 1802 951 1864 II.
977 1800 1023 1888 5).
1070 1803 1178 1888 Neque
1209 1820 1300 1869 eum‘

108 1933 266 1987 memorat
288 1922 503 2000 Ptolemaeus,
534 1933 565 1985 et
594 1922 696 2008 prima
720 1919 847 1984 demum
871 1920 1064 2008 Protagorae
1089 1924 1205 1988 mentio
1228 1946 1282 1990 ox-

108 2051 171 2106 stat
190 2041 275 2127 apud
293 2041 487 2106 Marcianum
511 2039 747 2117 heracleotem,
772 2039 890 2104 saeculi
913 2041 1014 2126 quinti
1036 2065 1067 2128 p.
1088 2041 1160 2107 Chr.
1185 2043 1282 2128 scrip·

108 2170 228 2238 torem,
255 2159 385 2246 (Geogr.
409 2160 483 2223 Min.
508 2157 556 2222 ed.
580 2158 669 2223 Mull.
693 2159 718 2224 I.
745 2158 825 2244 prol.
850 2181 880 2244 p.
905 2160 1050 2223 CXXXII
1074 2159 1185 2248 seqq.).
1223 2161 1282 2225 Hie

106 2303 140 2344 se
163 2301 220 2344 sua
236 2279 431 2365 potissimum
452 2278 589 2343 hausisse
612 2279 656 2342 ait
679 2279 711 2342 in
728 2278 889 2363 prooemio
913 2278 1024 2365 peripli
1042 2281 1136 2345 Maris
1153 2281 1281 2345 Externi

104 2401 140 2464 ἐκ
162 2406 220 2473 τῆς
241 2398 449 2480 γεωγραφίας
473 2403 527 2462 τοῦ
554 2397 710 2463 θειοτάτου
734 2397 787 2462 καὶ
813 2397 998 2478 σοφωτάτου
1021 2400 1220 2478 Πτολεμαίου
1244 2399 1279 2466 ἔκ

104 2544 141 2586 τε
171 2526 227 2594 τῆς
260 2517 463 2599 Πρωταγόρου
489 2523 548 2582 τῶι
571 2517 703 2582 σταδίου
731 2517 970 2597 άυαμετράτεως
1002 2518 1055 2601 (cl.
1087 2518 1176 2587 Phot.
1209 2519 1277 2585 cod.

106 2640 185 2717 188,
213 2639 276 2703 189
301 2639 425 2702 Tzetzcs
449 2636 525 2702 Chil.
550 2638 637 2704 VIII.
662 2636 765 2722 647),
789 2646 821 2698 et
848 2658 946 2720 quum
969 2637 1146 2702 Marcianus
1169 2638 1277 2704 Ptole-

104 2782 194 2826 maeo
229 2760 452 2846 Protagoram,
489 2756 544 2823 ubi
573 2769 747 2842 utrumque
777 2757 936 2834 nominat,
967 2758 1130 2843 postponit
1167 2757 1274 2848 (Maro.

102 2881 144 2948 Il.
170 2877 222 2968 2),
258 2879 420 2965 probanda
449 2887 496 2942 est
524 2876 649 2942 Mulieri
680 2876 801 2962 opinio,
838 2899 877 2940 cx
908 2899 971 2960 qua
994 2878 1185 2966 Protagoras
1207 2889 1276 2965 post

102 2999 318 3065 Ptolemaeum
349 2997 463 3062 vixerit
493 3007 524 3062 et
549 2997 615 3061 eius
638 2995 832 3085 geographia
856 2994 1026 3061 Ptolemaei
1048 2998 1137 3084 operi
1160 3021 1274 3084 super-

102 3130 222 3186 structa
245 3118 348 3192 fuerit.

517 3334 851 3391 ΠΤΟΛΕΜΑΙΔΕΣ.

144 3600 469 3688 Harpocration,
493 3599 597 3672 Ἂκιι,
623 3596 712 3666 πόλις
744 3596 823 3672 αὕτα
845 3600 876 3662 ἐν
902 3598 1033 3681 Φοιυίκρ.
1069 3598 1267 3676 Δημοσθένης

100 3723 129 3786 ἕι
152 3723 194 3802 τῷ
215 3721 286 3802 πρὸς
302 3719 502 3784 Κάλλιττυι.
517 3714 552 3791 ἣν
567 3714 709 3795 Νικάτωρ
728 3716 741 3779 ὂ
762 3717 829 3797 περὶ
846 3723 1078 3796 μετουοματιῶυ
1093 3719 1266 3800 γεγραφὼς

99 3841 151 3908 καὶ
172 3839 386 3918 Καλλίμαχος
409 3838 439 3901 ἐι
463 3844 527 3908 τοῖς
552 3837 754 3915 ὑπομνήμασι
780 3837 835 3911 τὴν
857 3843 908 3902 aiv
924 3837 1131 3916 Πτολεμαΐδα
1152 3852 1265 3904 καλου·

98 3961 191 4041 μεύιρν
215 3957 315 4041 (paria
344 3955 433 4024 εἶναι.
472 3956 648 4038 Δημήτριος
669 3957 700 4022 δὲ
727 3956 889 4030 ἱδίωςτίρι
915 3955 1081 4038 άκράτολιιι
1107 3963 1163 4030 τῆς
1184 3965 1266 4022 Πτο·

98 4079 246 4159 λεμαΐδος
271 4076 413 4157 πρότεροι
434 4076 535 4152 ’Άκιρι
559 4073 733 4153 ὠνομάσθαι
758 4073 866 4157 φησίν.

141 4201 186 4264 De
208 4195 415 4264 Demosthene
438 4194 680 4263 videValesium
700 4193 784 4284 apud
806 4193 986 4260 Bekkerum
1009 4193 1059 4264 ad.
1083 4194 1114 4262 h.
1130 4194 1169 4276 l.;
1194 4192 1266 4262 vide

98 4317 264 4387 llullerum
287 4319 320 4386 F.
345 4320 383 4386 Η.
408 4317 464 4384 Gr.
489 4316 548 4382 III.
573 4315 647 4384 633.
672 4355 717 4367 -
740 4316 994 4402 Harpocrationis
1014 4313 1102 4382 locus
1125 4315 1266 4382 detortus
