2848 4546
688 259 750 325 109

134 485 270 562 arpalo,
294 483 460 550 ethorum
484 482 584 548 simile
607 481 681 569 quid
700 483 968 551 PausaniasVlll.
986 481 1040 549 34.
1061 485 1082 546 2
1100 481 1138 549 de
1156 481 1308 550 Arcadico

135 602 207 670 loeo
229 604 273 669 τόο
292 603 376 681 νΑκιρ
402 603 495 670 dioto.

181 721 276 806 Quod
293 724 380 800 ’Άκκ
412 723 536 788 dicatur
558 724 685 810 proprie
708 723 787 789 arcis
810 745 926 789 nomen
949 721 1025 789 olim
1057 722 1168 804 fuisse,
1195 723 1307 790 Forbi·

135 867 232 932 gerus
262 845 302 910 ΙΙ.
329 845 390 909 671
416 865 448 908 n.
474 843 531 922 99,
567 854 651 909 recte
682 843 790 908 videns
813 843 900 908 dubii
923 842 1043 930 aliquid
1065 845 1097 909 in
1119 843 1168 909 his
1189 845 1305 924 inesse,

135 985 237 1048 quum
260 971 380 1026 veteres
403 961 516 1048 reliqui
540 962 653 1029 urbem
676 963 719 1028 ita
743 973 885 1028 vocatam
906 986 971 1028 esse
990 963 1143 1044 dicerent,
1168 965 1212 1030 ita
1229 964 1307 1031 haec

133 1081 287 1168 explicat,
323 1093 359 1146 ut
392 1081 452 1148 hoc
480 1081 552 1147 loco
582 1081 665 1148 idem
695 1093 789 1169 atque
823 1083 856 1147 in
880 1081 959 1162 ,aliis
993 1083 1103 1148 multis
1137 1084 1307 1152 obtinuerit

133 1212 166 1267 et
205 1201 283 1268 dum
320 1202 396 1268 urbs
437 1204 606 1269 mutaverit
646 1225 780 1282 nomen,
824 1203 889 1268 arei
925 1204 1083 1268 manserit.
1141 1203 1307 1269 Praeterea

134 1322 292 1387 incertum
322 1345 341 1387 a
371 1344 509 1409 quonam
539 1322 720 1388 Ptolemaeo
748 1323 812 1389 Ace
843 1345 961 1388 novum
991 1346 1106 1388 nomen
1135 1324 1306 1410 acceperit,

134 1441 325 1530 Forbigerus
341 1442 362 1507 l.
376 1440 399 1510 l.
423 1441 627 1529 probabiliter
649 1443 834 1529 suspicatur,
860 1443 1074 1508 Ptolemaeum
1097 1443 1173 1530 Lagi
1191 1441 1306 1521 filium,

133 1561 190 1648 qui
213 1561 424 1649 coelesyriam
448 1560 501 1626 diu
532 1562 686 1640 tenuerit,
715 1561 955 1649 intelligendum
987 1586 1068 1642 esse3
1101 1561 1182 1628 forte
1204 1560 1307 1628 Ptole·
1373 1649 1375 1656 Ι

132 1704 244 1749 τοιουτου
270 1681 390 1757 ”Ακκν,
424 1703 520 1767 quarn
549 1680 703 1746 Diodorus
726 1682 786 1749 ste.
811 1683 897 1748 XIX.
923 1683 964 1748 93
988 1704 1007 1746 a
1030 1681 1209 1747 Ptolemaeo
1232 1683 1309 1770 lagi

132 1799 199 1866 filio
222 1799 361 1864 dirutam
385 1798 474 1879 dicit,
506 1813 576 1884 post
605 1823 746 1888 pugnam
778 1798 966 1886 adipsum,
999 1801 1071 1865 urbi
1093 1800 1156 1866 alio
1179 1801 1212 1866 in
1235 1801 1307 1867 loco

133 1921 296 1987 restitutae
319 1943 438 1984 novum
462 1941 576 1984 nomen
601 1919 786 2006 imposuerit
808 1930 856 1998 et,
881 1931 918 1984 ut
940 1941 1031 2005 saepe
1053 1918 1163 1998 fiebat,
1196 1919 1309 1984 veteris

134 2040 222 2104 urbis
245 2039 371 2104 nonnisi
394 2059 452 2102 arx
475 2039 634 2106 manserit.
669 2039 825 2104 docentus
848 2037 983 2124 denique
1006 2038 1037 2103 in
1051 2038 1135 2113 ”Aua
1159 2037 1306 2104 fluctuat:

135 2157 298 2223 Bekkerus
321 2157 360 2222 ad
383 2160 662 2243 Harpocrationem
688 2158 835 2237 ὀξυτόνως
860 2158 956 2224 edidit
979 2160 1077 2234 Ἀκὴ,
1102 2159 1215 2224 Strabo
1245 2159 1306 2250 (ed.

135 2276 284 2366 Kramer)
318 2287 349 2342 et
376 2277 554 2364 Stephanus
584 2280 660 2366 Byz.
696 2278 756 2368 (ed.
782 2277 934 2363 Meineke)
966 2277 1083 2342 habent
1111 2278 1307 2359 βαρυτόνοις,

92 2469 94 2474 ,
134 2408 167 2464 et
188 2397 251 2465 boo
274 2421 385 2464 verum
410 2409 471 2475 est,
497 2417 582 2462 'nam
617 2398 795 2485 Stephanus
816 2398 893 2485 Byz.
917 2397 968 2461 hie
998 2420 1036 2462 ex
1064 2406 1169 2461 vetere
1199 2419 1307 2484 gram·

134 2517 266 2597 matico,
292 2518 372 2584 forte
396 2541 434 2583 ex
458 2516 657 2596 Herodiano,
682 2519 818 2594 monuit,
844 2517 886 2581 τόν
909 2519 951 2588 εἰς
976 2516 1013 2592 κῐρ
1036 2517 1179 2594 λήγοντα
1201 2515 1308 2580 δισθα-

134 2638 228 2717 νιαβα
251 2637 301 2702 ἐπὶ
327 2637 445 2703 πόλεων
470 2637 486 2713 ἢ
509 2641 615 2718 χορῶν
637 2636 842 2716 βαρύνεσθαι,
876 2647 907 2700 et
930 2634 1065 2700 indidem
1086 2635 1118 2698 in
1137 2634 1199 2699 fine
1218 2633 1307 2699 addi-

136 2758 182 2823 dit
196 2758 232 2822 τό
252 2758 363 2822 ἒθνικόν
379 2761 524 2830 Ἀκαῖος,
549 2759 587 2828 ὡς
612 2765 781 2838 Buprasion
807 2757 904 2844 igitur
927 2764 963 2820 ut
977 2754 1079 2836 Βόρκκ
1102 2754 1145 2820 sic
1168 2767 1199 2819 et
1209 2753 1320 2834 ’'Aum-

136 2877 205 2944 vide
239 2877 344 2965 Stepb.
380 2879 415 2944 B.
444 2899 473 2940 v.
505 2875 607 2957 Βόρκκ
636 2888 667 2942 et
697 2875 868 2942 Arcadium
897 2875 946 2942 ed.
978 2875 1137 2940 Barkerus
1167 2874 1327 2962 ρ.·106.’

134 3021 164 3064 v.
191 3001 332 3064 17-27.

588 3155 844 3214 ΠΤΘΑΓΟΡΛΙ.

178 3359 378 3446 Diogenes
400 3359 434 3423 L.
449 3359 533 3426 Vlll.
552 3357 696 3424 46-47.
743 3354 896 3434 Γεγόνασι
914 3357 945 3421 δὲ
961 3354 1140 3437 Πυθαγόραι
1156 3353 1305 3434 τέτταρες

135 3477 201 3559 περὶ
224 3479 295 3550 τοὺς
318 3477 431 3549 αὐτοὺς
462 3477 607 3558 χρόνους,
634 3479 666 3542 οὐ
689 3477 769 3541 πολὺ
794 3477 852 3541 ἀντ’
873 3478 1023 3552 αλλήλων
1047 3475 1236 3556 ἀντέχοντες·
1261 3470 1305 3546 εἷς

135 3597 192 3674 μὲν
221 3595 451 3678 Κροτωνινότκς,
483 3597 658 3678 τυραννικός
682 3595 848 3676 ἄνθρακος·
877 3594 978 3678 ἕτερος
1006 3594 1172 3668 Φλιόοιος,
1197 3616 1305 3672 σωμα-

132 3716 266 3791 σκητής,
297 3717 485 3805 [όν.ειόττκς,
509 3715 547 3789 ἰός
573 3716 659 3799 φασί
688 3715 798 3804 τινες]·
827 3715 927 3797 τρίτος
954 3715 1132 3788 Ζακύνθιος·
1157 3712 1305 3794 τέταρτον

133 3833 227 3905 αὐτὸς
252 3829 355 3913 οὗτος,
380 3831 414 3900 οὗ
442 3836 542 3919 φασίν
567 3831 646 3901 εἶναι
671 3835 853 3917 τόκόρρκτα
878 3844 935 3911 τῆς
959 3835 1165 3919 Φιλοσοφίας·
1191 3834 1305 3923 [αὐτῶν

135 3951 349 4044 διδόοκαλος·]
371 3957 423 4038 ἐφ’
446 3951 480 4020 οὗ
500 3955 552 4019 καὶ
578 3956 614 4021 τό
642 3956 744 4027 Αὐτός
771 3953 837 4039 ἔφα
862 3957 1069 4039 παροιμιακὸν
1094 3955 1137 4026 οἷς
1166 3954 1218 4018 τὸν
1237 3953 1305 4030 βίον

133 4066 232 4147 ἦλθεν.
256 4075 282 4138 οἱ
310 4074 341 4138 δὲ
373 4074 425 4139 καὶ
453 4073 550 4140 όθλλον
584 4075 832 4156 ἀνδριαντοποιόν
864 4077 1003 4152 Ῥηγῖνον
1026 4070 1190 4150 γεγονέναι
1222 4067 1305 4152 φασὶ

132 4191 336 4274 Πυθαγόραν,
362 4199 478 4276 πρῶτον
502 4194 651 4260 δοκοῦντα
675 4196 786 4276 ῥυθμοῦ
812 4192 865 4258 καὶ
886 4191 1084 4280 ουμμετρόας
1101 4188 1307 4272 ἕοτοχόοθαι·

132 4311 181 4376 καὶ
217 4311 316 4381 ἄλλον
350 4317 596 4399 ἀνδριαντοποιόν
630 4313 761 4394 Σόμιον·
791 4311 843 4377 καὶ
874 4310 974 4394 ἕτερον
1006 4313 1118 4395 ρἰθτορα
1140 4309 1306 4393 μοχθηρόν.

1336 4501 1396 4510 ι--
1403 4417 1404 4509 i
