2848 4546
699 273 763 335 114

148 497 289 583 Denique
319 498 504 563 statuarium
535 519 554 562 s
580 494 738 561 Demetrio
761 495 904 581 Magnete
925 499 1153 570 memoratum,
1184 513 1251 556 esse
1270 491 1326 578 ip.

148 639 219 680 sum
246 638 319 682 eum
348 617 525 696 Simonem,
556 615 611 702 qui
638 622 669 679 et
699 634 797 698 equos
824 611 898 678 fecit
920 621 951 676 et
972 609 1013 676 de
1035 611 1178 697 equitatu
1199 611 1327 698 primus

147 736 284 822 scripsit,
315 737 531 824 unusquisque
561 734 661 813 videt,
695 733 748 820 qui
779 732 974 796 Demetrium
1004 731 1170 817 scriptores
1198 740 1325 797 tontum

146 877 309 922 recensere
331 866 426 923 tenet.

597 1101 877 1159 ΣΠΕΥΣΙΠΠΟΙ.

195 1340 224 1401 1.
249 1335 459 1421 Speusippus,
483 1333 622 1398 Plutonis
645 1332 677 1396 in
700 1330 870 1397 Academia
893 1347 1061 1395 successor.

192 1455 397 1542 Diogenes
420 1454 453 1517 L.
478 1455 532 1522 lV.
557 1453 588 1517 5.
634 1451 748 1529 Γέγονε
773 1449 979 1520 Σπεύσιππος
996 1448 1048 1512 καὶ
1071 1445 1190 1528 ἕτερος,
1220 1449 1348 1528 ἰατρὸς·

151 1573 343 1655 Ἡροφίλειος
367 1572 603 1653 Ἀλεξανδρεύς.

192 1691 262 1757 Noli
286 1715 358 1757 cum
381 1691 528 1779 Menagio
551 1689 590 1756 ad
613 1691 758 1779 ignotum
783 1689 940 1756 medicum
965 1687 1084 1753 referre
1100 1687 1242 1767 Ὅμοια,
1267 1687 1327 1753 sub

147 1810 310 1898 Speusippi
329 1810 457 1875 nomine
481 1811 593 1898 viginti
616 1809 681 1876 fore
704 1809 780 1875 locis
802 1809 841 1874 ub
863 1809 1025 1874 Athenaeo
1048 1807 1186 1874 laudato.
1232 1809 1327 1875 Liber

146 1931 267 2019 physici
290 1931 471 2019 argumenti
487 1941 556 1996 erat
576 1941 606 1996 et
620 1930 789 2000 discrimen
801 1929 949 1996 similium
961 1928 1151 2008 herbarum,
1171 1929 1325 2016 piscium,

148 2053 254 2116 svium
282 2050 475 2137 explicabat:
510 2051 657 2116 convenit
684 2048 824 2129 medico,
854 2049 1000 2115 convenit
1023 2047 1225 2136 philosopho;
1258 2072 1325 2114 me·

147 2170 218 2236 dico
247 2187 287 2236 ne
305 2170 481 2250 tribuatur,
505 2170 579 2236 facit
602 2187 667 2236 non
690 2181 815 2236 tontum
838 2170 994 2256 Diogenes
1016 2170 1071 2237 lv.
1096 2168 1134 2246 5,
1162 2169 1218 2254 qui
1242 2169 1326 2234 inter

147 2289 323 2376 philosophi
346 2289 443 2356 libros
466 2297 607 2356 recenset
632 2290 740 2356 decem
765 2287 931 2366 διαλόγους
956 2293 1015 2352 τῶν
1040 2287 1108 2369 περὶ
1133 2288 1189 2362 τὴν
1218 2303 1324 2369 τραγυ

147 2408 285 2488 ματσίαι
312 2409 419 2488 ὁμοίων
447 2419 478 2474 et
501 2409 661 2491 διαιρέσεις
690 2408 742 2473 καὶ
769 2408 842 2490 πρὸς
868 2407 911 2471 τοι
937 2403 1028 2486 ὅμοια
1055 2406 1232 2485 ὑποθέσεις,
1269 2405 1324 2472 sed

148 2528 241 2594 etiam
265 2527 339 2594 lacit
359 2528 539 2594 Athenaeus
562 2530 617 2615 qui
639 2545 797 2616 nusquam
823 2526 1027 2592 Σπεύσιππον
1050 2526 1102 2590 τὸν
1132 2525 1235 2606 ἰατρὸν
1269 2535 1325 2594 sut

150 2649 201 2712 τὸν
225 2649 418 2732 Ἡροφίλειον
442 2648 592 2718 laudarit.

581 2893 868 2952 ΣΤΡΑΤΩΝΕΣ.

199 3130 401 3217 Diogenes
427 3131 461 3195 L.
487 3130 525 3198 V.
557 3129 611 3195 61.
646 3126 801 3207 Γεγόνασι
828 3127 859 3192 δὲ
884 3126 1064 3208 Στροέτονες
1089 3125 1179 3189 ὀκτώ·
1206 3123 1323 3204 πρῶτος

156 3248 347 3331 Ἰσοκράτους
376 3249 542 3330 οέαροατιές·
572 3247 710 3329 δεύτερος
740 3247 834 3319 αὐτὸς
864 3241 962 3318 οὗτος·
986 3244 1086 3326 τρίτος
1113 3241 1233 3323 ἱατρός,
1257 3267 1323 3321 μοι·

157 3371 248 3445 έιιτὴς
270 3367 529 3450 Ἐρασιστράτου,
557 3369 595 3440 cis
618 3368 649 3432 δέ
673 3391 771 3441 τινες,
796 3365 959 3449 τρόφιμος·
984 3365 1131 3444 τέταρτος
1155 3361 1323 3444 ἱστορικός,

156 3490 313 3556 Φιλίππου
345 3488 397 3552 καὶ
429 3487 568 3570 Περσέως
601 3492 660 3552 τῶν
691 3486 853 3578 Ῥωμαίοις
882 3482 1127 3564 πολεμησάντων
1152 3481 1323 3563 γεγραφὼς

158 3609 300 3691 προέξεις·
325 3606 455 3681 “ium
477 3608 603 3684 ποιςτίςς
622 3605 887 3688 ἐπιγραμματων·
906 3602 1037 3684 ἕβδομος
1056 3603 1157 3684 ἰατρὸς
1177 3602 1322 3682 ἀρχαῖος.

158 3731 196 3801 ὡς
234 3727 453 3808 Ἀριστοτέλης
493 3727 604 3812 φασίν·
648 3725 752 3806 ὄγδοος
791 3722 1050 3808 περιπατητικός,
1090 3721 1251 3801 βεβιωκὼς
1295 3719 1324 3784 ἐν

157 3846 391 3932 Ἀλεξανδρεία.

204 3967 341 4047 Quintus
364 3968 468 4030 Strato
490 3965 606 4031 excidit
626 3989 729 4054 neque
752 3965 878 4032 difficile
901 3963 1033 4042 excidit,
1057 3985 1131 4028 nam
1150 3970 1187 4025 nt
1205 3967 1324 4036 sextus,

161 4094 253 4172 poeto
286 4085 346 4150 fuit
378 4094 410 4149 et
442 4086 619 4152 Demetrius
654 4089 781 4176 Magnes
809 4087 842 4152 in
872 4085 981 4152 eodem
1012 4105 1128 4173 genere
1150 4079 1325 4147 studiorum

159 4214 298 4270 versatos
328 4203 500 4270 coniunxit.
546 4207 600 4270 Est
628 4207 787 4289 κωμῳδίας
815 4207 962 4284 ποιητής,
987 4227 1082 4292 quem
1106 4225 1146 4268 ex
1166 4198 1327 4265 Athenaeo

161 4346 192 4407 p.
217 4323 282 4388 382
309 4331 341 4388 et
367 4321 463 4388 suido
492 4345 520 4388 v.
551 4323 698 4408 Στροέτων
728 4327 899 4392 Meinekius
929 4327 966 4390 Η.
992 4324 1045 4391 Gr.
1068 4324 1101 4390 G.
1126 4321 1181 4387 Gr.
1205 4341 1238 4406 p.
1262 4317 1325 4382 427
