2848 4546
688 294 750 358 110

132 521 185 586 aad
206 522 309 602 ἰατρὸν
321 518 437 593 ἄλλον,
461 518 503 584 τοὶ
521 517 588 602 περὶ
605 518 702 594 κήλης
717 516 910 601 γεγραφότα
925 518 980 584 καί
994 542 1066 584 τινα
1081 518 1148 600 περὶ
1165 521 1302 602 Ὀμήρου

133 639 397 720 συντεταγμένον·
418 639 471 704 καὶ
492 635 591 720 ἕτερον
613 637 738 720 Δωρικὰ
760 639 1108 721 πεπραγματευμένον,
1134 643 1173 715 οὓς
1194 644 1304 708 Διονύ·

133 783 196 832 erar
220 760 344 840 ἱστορεῖ.
391 761 429 824 In
453 757 707 846 Pythagorarum
738 759 816 824 serie
843 759 1005 848 singulare
1028 761 1148 848 aliquid
1172 761 1302 831 obtinet.

132 881 255 946 Etenim
278 881 432 966 Diogenes
455 878 630 966 significare
647 878 787 958 videtur,
806 901 837 944 se
861 903 900 944 ex
918 891 1048 946 auctore
1066 904 1130 947 non
1148 903 1213 948 uno
1224 881 1304 948 haec

131 999 172 1065 de
194 997 382 1087 Pythagoris
414 998 569 1079 hausisse3
602 999 664 1064 iarn
689 999 761 1065 licet
783 1011 912 1087 propter
939 1001 1006 1066 eius
1027 1001 1249 1068 inconcinnam
1272 1012 1305 1067 et

132 1119 310 1208 neglectam
334 1120 526 1198 orationem,
550 1118 721 1198 hocloco,
746 1129 782 1186 ut
803 1141 894 1206 saepe
918 1120 1009 1200 alibi,
1034 1109 1168 1187 diflicilia
1192 1145 1241 1188 res
1264 1123 1304 1188 sit

132 1239 264 1318 elicere,
299 1237 375 1326 quid
407 1239 464 1304 sibi
497 1238 647 1318 voluerit,
684 1250 740 1304 aut
774 1237 850 1325 quid
879 1240 1081 1307 statuendum
1111 1242 1169 1320 sit,¹
1193 1251 1302 1307 tamen

133 1383 255 1438 omnes,
285 1381 364 1445 quos
385 1357 437 1425 hic
459 1358 617 1438 videmus,
648 1359 850 1450 Pythagorae
874 1381 892 1424 a
914 1362 1074 1427 Demetrio
1101 1363 1246 1450 Magnete
1269 1361 1302 1426 in

133 1502 213 1566 opus
245 1479 363 1565 recepti
395 1479 500 1565 ibique
534 1481 678 1545 recensiti
711 1479 838 1545 fuerint.
884 1483 926 1548 Ut
954 1504 1042 1546 nunc
1065 1505 1097 1547 se
1122 1503 1172 1546 res
1190 1480 1302 1560 habet,

133 1599 214 1664 alius
247 1609 358 1663 auctor
391 1608 528 1685 quatuor
561 1601 681 1685 priores
714 1600 927 1688 Pythagoras,
963 1601 1042 1666 alius
1076 1625 1130 1666 sex
1164 1602 1304 1688 reliquos

133 1719 266 1807 Diogeni
300 1719 511 1805 suppeditasse
539 1717 677 1799 videtur3
714 1717 752 1783 de
774 1743 829 1784 sex
852 1721 1015 1806 postremis
1037 1720 1128 1786 nulla
1150 1719 1305 1788 dubitatio

133 1848 202 1918 est,
221 1838 298 1926 quin
329 1839 386 1904 uni
408 1840 567 1904 Demetrio
601 1838 790 1904 debeantur:
826 1848 979 1926 perpetua
1011 1839 1068 1905 illa
1096 1849 1303 1929 argumenta,

134 1982 217 2046 quae
238 1959 271 2023 in
294 1958 404 2024 ceteris
427 1958 594 2038 ὁμωνύμων
611 1958 780 2046 catalogis,
804 1958 855 2024 hic
878 1982 1004 2045 quoque
1028 1959 1151 2039 valent,
1175 1960 1303 2027 nullum

134 2078 292 2144 Demetrio
310 2079 483 2157 iuniorem,
505 2088 667 2164 praeterea
678 2079 844 2166 scriptores
855 2081 1026 2160 recenseri3
1047 2080 1182 2167 denique
1199 2082 1303 2168 ipsum
1416 2065 1417 2126 i

134 2199 329 2264 Demetrium
353 2197 569 2285 agnoscimus,
601 2199 655 2283 qui
677 2198 787 2263 intima
813 2198 1009 2264 litteraturae
1031 2200 1205 2286 penetralia
1227 2223 1305 2288 per·

134 2327 292 2383 scrutatus
314 2318 481 2407 diligenter
503 2317 626 2383 diversa
645 2317 865 2406 distinguebat.
911 2319 972 2384 Sed
995 2343 1035 2384 ne
1059 2331 1196 2405 quatuor
1218 2321 1305 2406 prio·
1416 2351 1417 2394 3

134 2459 185 2502 res
215 2436 341 2524 quidem
372 2461 391 2502 a
417 2438 577 2502 Demetrio
607 2437 710 2502 omissi
744 2438 837 2503 fuisse
871 2438 1002 2525 putandi
1038 2451 1126 2504 sunt:
1163 2439 1303 2526 primus,
1416 2431 1417 2452 ³

134 2568 291 2645 tyrannus
313 2558 509 2635 Grotionata,
534 2567 643 2623 utrum
666 2557 740 2644 quid
763 2559 918 2644 scripsisse
941 2558 1143 2644 perhibeatur
1164 2581 1223 2624 nec
1246 2581 1315 2638 ne,

134 2678 221 2744 solus
243 2679 426 2768 ignoratur,
457 2674 497 2740 ad
520 2674 690 2741 Phliasium
714 2675 881 2756 athletam,
905 2677 945 2742 ad
968 2677 1178 2764 Zacynthium
1201 2677 1303 2743 musi-

134 2821 208 2865 cum
244 2796 398 2884 quaedam
431 2795 545 2882 scripta
578 2795 776 2873 referuntur,
811 2796 868 2860 etsi
890 2796 970 2862 forte
992 2819 1056 2861 non
1081 2797 1210 2862 meliore
1233 2796 1304 2862 iure

135 2939 231 3004 quam
254 2915 323 2994 illa,
348 2938 429 3001 quae
453 2913 492 2978 ad
515 2913 745 3000 philosophum.
784 2914 830 2979 Cf.
854 2917 993 2980 lousium
1017 2917 1072 2984 lV.
1096 2938 1126 3002 p.
1150 2916 1214 2980 263
1238 2938 1303 3002 seq.

136 3038 227 3119 Quae
248 3035 424 3100 Demetrius
447 3033 485 3098 de
507 3033 555 3098 his
578 3045 715 3121 quatuor
735 3037 908 3102 coaetaneis
927 3037 1109 3123 scripsisset,
1134 3057 1171 3102 ca
1190 3035 1303 3100 floscu-

135 3156 174 3223 lis
198 3153 383 3243 quibusdam
406 3153 589 3231 adauxerit,
618 3153 693 3243 (non
717 3153 786 3220 dico
806 3157 929 3221 uncinis
952 3154 1085 3244 inclusa)
1107 3167 1138 3220 et
1157 3157 1188 3222 in
1213 3181 1302 3223 suam

135 3277 338 3350 παντοδαπὴν
368 3274 503 3356 ἱστομάν
533 3274 727 3339 transtulerit
753 3276 938 3354 Favorinus,
976 3278 1065 3342 cuius
1088 3287 1234 3343 octavum
1266 3278 1304 3343 li·

134 3393 229 3458 brum
250 3395 370 3473 statim,
395 3394 455 3459 hoo
476 3393 621 3482 catalogo
643 3396 815 3481 exscripto,
839 3397 995 3484 Diogenes
1013 3397 1156 3463 Laertius
1173 3397 1305 3464 subleu-

135 3510 198 3578 dat.
243 3513 415 3578 Favorinus
444 3513 523 3579 vitas
549 3513 806 3601 philosophorum
838 3516 1052 3610 conscribens,
1080 3541 1120 3582 ex
1143 3518 1303 3584 Demetrio

135 3631 271 3697 Pittacos
292 3632 517 3719 transscripsit,
546 3632 648 3722 (Diog.
668 3635 702 3699 L.
727 3634 752 3700 l.
779 3633 832 3722 79)
859 3646 954 3721 atque
978 3659 1017 3701 ex
1040 3633 1166 3717 eodem,
1192 3648 1224 3703 et
1241 3638 1303 3703 alia

126 3750 236 3817 'multa
255 3761 286 3817 et
304 3750 376 3830 illa,
402 3773 482 3838 quae
501 3751 540 3818 ad
563 3753 666 3838 ipsum
687 3753 900 3840 Pythagoram
917 3755 1046 3840 eiusque
1065 3755 1211 3842 aequales
1230 3779 1302 3844 per·

133 3870 292 3952 tinebant,
316 3871 464 3940 hauserit.
490 3872 612 3954 Quibus
631 3896 670 3937 ex
686 3873 841 3937 Favorino
858 3871 1033 3961 descriptis,
1051 3877 1222 3965 Diogenes,
1248 3877 1302 3942 ubi

133 4015 209 4059 eum
230 3991 285 4058 ille
306 3991 435 4070 defecit,
461 3991 501 4057 ad
523 3992 718 4058 Demetrium
741 3992 843 4058 rediit.

177 4117 329 4190 Ῥηγῖνος.
376 4112 434 4175 Ηίο
456 4133 514 4196 per
536 4135 568 4177 se
587 4112 659 4178 satis
682 4113 830 4200 antiquus
853 4112 933 4179 iure'
946 4127 1132 4204 segregatur
1154 4138 1173 4181 a
1195 4117 1303 4204 pbilo-

134 4229 245 4316 sopbo‚
271 4253 335 4317 qno
358 4228 573 4316 compluribus
596 4233 835 4322 olympiadibus
861 4235 967 4301 iunior
989 4248 1066 4303 erat.
1097 4235 1303 4323 Philosophus

134 4357 278 4413 mortuus
296 4360 342 4415 est
359 4349 441 4416 intra
461 4350 513 4416 01.
532 4353 591 4430 67,
619 4357 635 4417 1
652 4369 683 4420 et
701 4359 756 4435 72,
783 4358 804 4421 4
822 4355 969 4446 (Bentley
986 4360 1085 4444 Resp,
1095 4358 1135 4424 ad
1154 4359 1300 4445 Boylium
