2822 4540
724 264 765 328 32

160 511 233 555 nem
268 507 433 574 nunquam
469 485 562 552 fuisse
593 499 624 551 et
652 486 791 573 speciosa
820 485 1000 552 coniectura
1031 487 1063 552 in
1097 486 1237 552 luciano
1272 509 1334 574 pro

160 608 366 687 Ἀναξιμένης
391 609 406 672 A
428 614 499 680 Χῖος
522 606 676 672 Hullerus
694 608 727 671 F.
740 609 778 670 H.
795 606 853 673 Gr.
873 606 913 670 ll.
935 609 978 670 43
997 605 1137 692 reposuit
1156 608 1332 686 Ξενομήδης

161 732 175 795 ὃ
198 739 287 805 Χῖοςς
313 749 416 814 neque
438 737 544 793 tamen
568 725 788 794 contemnendi
811 727 848 806 ii,
873 726 928 813 qui
947 734 1100 812 putarunt
1115 724 1199 813 apud
1218 727 1331 793 Lucia-

46 837 49 844 ’
160 874 239 916 num
268 873 332 916 esse
364 847 588 938 corrigendum
611 847 817 926 Ἀνιιέιμέννς
844 847 857 910 ὃ
884 844 1125 927 Λοιμψιιιιννός,
1150 868 1225 912 nam
1249 847 1332 912 liul-

161 971 218 1036 leri
237 970 375 1056 opinioni
394 992 457 1034 non
478 967 556 1034 adeo
572 967 655 1033 favet
676 967 842 1053 Dionysius
854 965 953 1032 Halic.
968 964 1006 1031 de
1017 964 1159 1052 Thucyd.
1172 964 1241 1032 lud.
1255 988 1283 1033 c.
1298 967 1332 1032 5.

588 1213 902 1272 ΑΝΤΙΣΘΕΝΕΙΣ.

209 1451 239 1514 1.
262 1447 461 1514 Antisthenes
483 1448 628 1535 Cynicus.

207 1567 407 1656 Diogenes
420 1569 453 1635 L.
466 1569 520 1636 Vl.
536 1568 587 1634 19.
612 1566 765 1645 Γερόνιισι
785 1565 816 1630 δὲ
831 1564 884 1630 κον)
901 1563 994 1630 ἄλλοι
1010 1565 1211 1637 Ἀντισθένεις
1229 1569 1330 1646 τρεῖς,

162 1687 392 1769 Ἠριιιιλείτειος
427 1683 488 1760 εἷς,
527 1685 626 1768 ἕτερος
659 1686 822 1767 Ἐφέσιος,
860 1684 913 1749 sai
938 1683 1049 1756 Ῥόδιός
1083 1708 1131 1757 τις
1167 1682 1330 1764 ἱστορικά.

208 1807 437 1886 Ἡριικλείτειος
460 1803 515 1880 εἷς.
535 1809 583 1876 ¹Ut
598 1805 775 1871 Heraclitus
791 1804 974 1892 aequalibus
986 1805 1073 1870 suisl
1089 1803 1242 1876 σκοτεινάς
1256 1803 1331 1882 fuit,

164 1928 208 1992 sic
230 1925 426 1993 Antisthenes
444 1927 458 1991 ὅ
473 1925 703 2007 Ἡριικλείτειος
723 1924 812 1990 nobis
831 1924 1067 1990 obscurissimus
1085 1934 1140 1992 est.
1170 1923 1332 1990 Fabricius

164 2048 200 2114 B.
223 2046 280 2113 Gr.
304 2047 329 2112 Ι.
354 2048 419 2111 800
442 2043 490 2111 ed.
518 2047 573 2122 1¹⁶,
593 2043 695 2122 hunc,
719 2066 783 2109 non
806 2043 1020 2110 Antisthenen
1042 2044 1212 2131 Cynicum,
1236 2041 1332 2108 habet
1406 2073 1407 2156 p

164 2178 324 2233 auctorem
360 2164 576 2229 commentarii
604 2162 644 2228 ad
675 2163 823 2228 Heracliti
859 2186 938 2249 opus
967 2163 1035 2244 περὶ
1066 2163 1191 2245 Φύσεως
1225 2162 1329 2251 (Diog.
1406 2173 1407 2192 ¹

164 2287 220 2352 lX.
242 2283 326 2370 15.);
348 2294 431 2349 certe
450 2281 647 2348 Antisthenes
666 2283 691 2346 is
710 2281 866 2348 Heraclidi
881 2283 1023 2362 Pontico,
1052 2281 1193 2349 Cleanthi
1211 2281 1330 2367 Sphae-

165 2426 281 2490 roque,
313 2426 409 2490 quos,
436 2403 585 2468 Heracliti
607 2424 685 2489 opus
708 2411 949 2481 commentatos,
974 2400 1083 2467 ordine
1106 2401 1331 2488 chronologico

165 2525 322 2590 recensuit
344 2525 514 2612 Diogenes,
546 2523 751 2609 antepositus,
782 2521 907 2587 eosdem
935 2532 966 2586 et
989 2531 1089 2587 aetate
1113 2521 1328 2599 antecesserit3

165 2654 303 2710 attamen
336 2644 403 2730 ipse
431 2643 567 2730 Cynicus
596 2641 705 2706 iisdem
727 2652 806 2707 natu
829 2643 930 2706 maior
952 2640 1027 2720 fuit,
1052 2650 1084 2706 et
1105 2638 1190 2706 nude
1212 2662 1330 2705 nomen

164 2762 355 2828 Antisthenis
383 2763 416 2826 in
446 2761 584 2848 Diogene
612 2760 664 2826 hic
687 2760 821 2848 legitur,
848 2760 939 2826 nulla
961 2771 1044 2826 secta
1073 2769 1128 2824 aut
1150 2759 1252 2846 patria
1274 2757 1330 2823 ad-

165 2882 247 2960 dita,
275 2892 307 2947 et
337 2881 442 2946 minus
472 2880 669 2959 mirandum,
701 2881 873 2968 Diogenem
899 2881 982 2946 inter
1005 2879 1196 2944 Antisthenis
1222 2878 1332 2964 Cynici

166 3024 262 3089 opera
294 3000 386 3068 illum
421 2999 460 3066 ad
494 3000 688 3065 Heraclitum
723 3001 983 3066 commentarium
1021 3022 1086 3064 non
1122 2998 1331 3076 recensuisse,

166 3143 262 3207 quam
286 3120 325 3186 de
348 3142 461 3208 parum
485 3120 611 3207 cognito
633 3119 810 3185 Heracliteo
832 3120 991 3200 locutum,
1015 3119 1142 3190 nullum
1162 3117 1331 3197 indicium,

166 3240 333 3319 addidisse,
365 3263 429 3327 quo
458 3262 477 3305 a
507 3240 665 3305 Socratico
693 3238 742 3304 vel
772 3239 811 3305 ab
833 3240 984 3327 scriptore
1009 3246 1068 3304 τῶν
1097 3239 1246 3318 διαδοχῶν
1270 3239 1332 3303 ‹tis-

165 3361 374 3448 tingueretur.

211 3478 410 3545 Antisthenes
439 3478 493 3544 ille
528 3481 541 3544 ὅ
573 3479 632 3552 τοὶς
678 3485 737 3545 τῶν
771 3479 952 3562 φιλοσόφων
990 3479 1140 3560 διοιδοχιὶς
1176 3476 1329 3559 γράψας,

167 3597 262 3664 fuerit
284 3598 506 3685 Peripateticus
528 3622 587 3664 nec
610 3623 667 3677 ne,
694 3598 746 3688 (cf.
760 3596 849 3663 Hull.
868 3600 900 3662 F.
913 3600 952 3665 H.
969 3597 1025 3663 Gr.
1045 3599 1102 3666 Ill.
1125 3597 1201 3685 183)
1227 3600 1331 3664 Antis-

167 3717 260 3783 thene
278 3719 395 3805 Cynico
413 3718 514 3784 multo
533 3719 637 3784 iunior
654 3719 729 3796 fuit,
753 3727 789 3782 ut
808 3715 985 3805 fragmenta
1004 3717 1043 3783 ab
1062 3739 1126 3782 uno
1141 3719 1281 3806 Diogene
1296 3720 1330 3785 L.

167 3845 289 3902 servata
311 3837 492 3916 ostendunt,
517 3849 664 3922 recteque
687 3860 759 3902 eum
784 3836 823 3901 ab
844 3835 1027 3901 Antisthene
1049 3835 1173 3902 Rhodio
1191 3839 1331 3918 ἱστορικῷ

166 3966 200 4021 et
221 3959 368 4039 πολιτικῷ
393 3961 582 4038 συγγραφεῖ
601 3956 733 4021 secrevit
749 3954 912 4024 Hullerus.
952 3955 1142 4022 Antisthenis
1164 3956 1247 4023 libro
1261 3957 1331 4038 rapi

167 4076 319 4156 διαδοχῶν
350 4097 425 4140 usus
454 4098 520 4140 esse
550 4074 674 4141 videtur
700 4077 876 4142 Demetrius
908 4075 1010 4166 (Diog.
1034 4078 1089 4144 IX.
1114 4076 1171 4165 35)
1195 4098 1333 4163 eumque

167 4216 226 4280 per
254 4195 307 4259 τὸν
335 4192 482 4275 Ἐφέσιον
505 4194 706 4282 significasse3
739 4198 908 4283 quominus
937 4219 1010 4263 eum
1040 4196 1210 4263 habeamus
1231 4197 1334 4286 Ephe-

169 4313 249 4377 sium
279 4312 443 4398 civemque
472 4313 621 4381 Heracliti
643 4315 836 4404 philosophi,
860 4317 981 4405 Epheso
1004 4316 1145 4397 oriundi,
1171 4317 1274 4405 (Diog.
1299 4320 1334 4386 L.
