2822 4540
664 297 703 363 15

96 519 169 584 ctici
190 517 392 586 deduxerunt
414 520 487 589 hoc:
512 520 656 587 videlicet
678 543 778 609 quum
798 542 899 588 unum
921 545 1037 588 nomen
1056 523 1181 612 generis
1198 546 1266 589 om·

95 639 189 706 nibus
223 641 384 728 speciebus
417 663 585 710 commune
611 651 716 707 estet
744 664 854 707 omnes
882 642 976 707 unius
1005 643 1129 730 generis
1150 645 1266 730 species

94 761 206 826 eodem
225 759 367 850 generali
389 762 516 827 nomine
534 761 690 850 gaudent,
715 761 785 827 illas
803 761 920 848 species
938 773 1131 830 vocaverunt
1148 764 1268 845 luend-

93 905 172 961 μους
195 893 340 970 respectu
362 883 496 971 generis.
543 883 660 948 Contra
678 886 851 962 Σννώνυμοο
871 907 926 949 eae
948 906 998 950 res
1015 893 1102 963 sunt,
1127 906 1264 969 quarum

93 1003 225 1067 nomina
247 1002 375 1088 quidem
398 1013 472 1068 sunt
496 1002 635 1082 diversa,
659 1026 766 1069 sensus
788 1026 864 1101 vero
886 1013 933 1070 est
953 1003 1047 1070 idem.
1079 1004 1264 1084 Συνυνυμίοο

92 1122 193 1210 igitur
215 1122 326 1198 nititur
349 1122 496 1208 δνυνυμίοο
520 1134 553 1188 et
575 1122 792 1208 πολυυνυμίοο,
821 1123 876 1188 ubi
897 1123 962 1189 duo
984 1122 1035 1187 vel
1056 1121 1150 1210 plura
1172 1146 1264 1210 pror·

93 1263 148 1306 sus
164 1241 246 1308 idem
259 1242 436 1331 significent
454 1255 486 1309 et
500 1242 627 1308 valeant
645 1242 757 1331 (Bekk,
776 1241 894 1310 Anecd.
915 1245 956 1310 ll.
976 1243 1041 1308 867
1054 1241 1151 1332 seq.);
1184 1244 1264 1311 iam·

92 1385 171 1428 vero
204 1383 369 1450 nunquam
404 1363 436 1426 in
471 1385 536 1427 una
570 1372 665 1449 atque
695 1361 803 1427 eadem
834 1361 962 1450 lingua,
994 1385 1044 1428 res
1073 1360 1182 1428 eadem
1205 1362 1263 1430 sibi

91 1483 189 1550 habet
221 1482 285 1548 duo
319 1482 370 1547 vel
400 1480 495 1568 plura
538 1482 685 1561 nomina,
732 1504 814 1568 quae
847 1503 977 1568 prorsus
1019 1481 1102 1546 idem
1143 1481 1262 1571 signifi·

92 1603 212 1670 cabunt
234 1613 266 1670 et
288 1602 454 1682 valebunt;
479 1601 596 1668 idcirco
618 1625 730 1668 revera
761 1601 924 1682 συνώνυμον
948 1600 1066 1667 dantur
1086 1600 1193 1682 nulla3
1230 1611 1263 1667 at

90 1724 177 1813 finge
200 1722 272 1788 data
295 1734 326 1788 et
348 1722 522 1801 Eventurum
544 1721 651 1795 πόλεις
674 1732 769 1787 erunt
790 1721 898 1801 urbes,
923 1744 1004 1807 quae
1027 1721 1170 1810 singulae
1188 1721 1262 1788 bina

91 1843 144 1910 vel
173 1842 267 1930 plura
296 1843 425 1908 nomina
453 1841 634 1922 habuerint;
666 1841 705 1906 de
734 1840 913 1907 huiusmodi
943 1841 1073 1906 urbibus
1102 1842 1262 1929 inquirere

91 1986 133 2028 an
168 1983 310 2048 unquam
340 1961 396 2026 sibi
425 1960 602 2026 Demetrius
630 1961 663 2026 in
693 1961 835 2026 animum
864 1959 1023 2027 induxerit
1051 1964 1172 2042 nescio,
1200 1963 1261 2033 hoo

91 2092 216 2148 tantum
240 2082 304 2147 scio
321 2090 353 2146 et
374 2080 435 2146 hoc
457 2079 571 2146 docent
594 2079 789 2169 fragmenta,
813 2103 886 2147 eum
911 2081 1072 2169 collegisse
1095 2093 1126 2147 et
1147 2081 1260 2150 distin-

90 2205 172 2270 xisse
194 2224 246 2267 eas
269 2201 364 2267 urbes
386 2223 468 2286 quae
491 2201 694 2289 cognomines
716 2201 736 2267 i.
761 2225 788 2268 e.
804 2200 982 2280 Ὁμώνυμοι
1004 2211 1106 2269 erant.
1139 2202 1260 2269 Discri-

91 2345 165 2388 men
185 2323 270 2387 inter
287 2323 450 2400 συνώνυμον
469 2333 500 2388 et
518 2321 666 2401 ὁμώνυμον
685 2299 836 2386 notarunt
851 2320 1012 2385 Dialectici
1029 2329 1061 2385 et
1078 2320 1261 2388 Aristoteles

93 2441 148 2531 (cf.
168 2440 349 2506 Grtlenhan
376 2440 488 2508 Gesch.
515 2441 571 2506 der
590 2439 644 2507 Kl.
664 2439 744 2507 Phil.
757 2442 783 2507 Ι.
796 2464 828 2527 p.
845 2440 908 2505 521
923 2439 1000 2530 seq.)
1024 2449 1130 2527 postea
1144 2442 1260 2508 Gram-

89 2561 197 2627 matici
220 2560 337 2650 vulgus
358 2560 523 2627 hominum
546 2559 759 2628 admonentes.

136 2679 325 2748 Iamdudum
357 2692 526 2767 antequam
557 2679 674 2746 scholia
703 2680 735 2744 in
763 2679 902 2766 Dionysii
925 2678 1052 2744 Thracis
1074 2683 1258 2767 grammati·

89 2822 161 2866 cam
186 2801 297 2887 (Bekk.
310 2801 371 2868 Au.
391 2800 413 2868 l.
435 2799 470 2889 l.)
485 2802 601 2887 scripta
626 2811 719 2878 sunt,
744 2799 886 2865 confusio
904 2797 1035 2864 hicorta
1061 2800 1167 2865 omnia
1189 2823 1259 2888 pes-

89 2918 248 2985 sumdedit
266 2929 297 2984 et
319 2921 423 2985 effecit
451 2929 488 2986 ut
514 2920 651 2999 scribae,
675 2942 754 3006 quos
776 2920 808 2984 in
824 2918 995 2998 ὁμωνύμους
1019 2928 1051 2984 et
1073 2920 1257 3001 ουνυνύμονς

88 3039 185 3102 etiam
222 3037 330 3104 similis
367 3038 545 3105 litterarum
576 3039 690 3106 ductus
718 3048 911 3105 transversos
940 3041 1022 3128 egit,
1053 3041 1200 3128 genuinis
1228 3049 1268 3106 et

88 3157 197 3243 probis
219 3157 328 3224 formis
350 3159 473 3225 vitiosas
485 3171 517 3225 et
538 3158 656 3226 alienas
678 3168 899 3246 supponerent.
945 3159 1029 3225 Talis
1052 3182 1127 3225 vero
1148 3161 1258 3242 οὶκυοο-

85 3278 186 3358 λογίοο
197 3301 261 3344 non
280 3279 312 3344 in
330 3279 437 3346 doctos
455 3278 597 3346 homines
612 3279 730 3345 nedum
746 3281 778 3352 iu
798 3279 991 3345 Demetrium
1011 3277 1123 3344 cadere
1137 3279 1255 3366 potuit,

86 3398 173 3486 apud
198 3398 407 3478 Strabonem,
427 3401 565 3466 multum
594 3399 626 3466 in
647 3399 778 3466 urbibus
806 3397 1045 3488 cognominibus
1073 3397 1255 3480 laudandis,

85 3541 151 3584 non
186 3518 279 3585 facile
311 3520 464 3600 invenies,
503 3520 576 3586 licet
610 3519 767 3586 codicibus
804 3521 935 3608 pessime
963 3518 1076 3585 habitis
1112 3529 1255 3600 utamur,

85 3638 164 3704 haec
184 3639 330 3721 confusa3
357 3652 389 3706 at
406 3665 447 3706 ne
465 3643 535 3728 quis
554 3663 573 3708 a
592 3641 702 3729 Baylio
721 3639 859 3728 pendens
876 3639 963 3704 hunc
982 3650 1018 3705 ut
1035 3638 1255 3727 philosophum

86 3769 234 3846 respuat,
260 3761 457 3827 Ptolemaeus
486 3761 697 3836 blericurte,
723 3759 899 3848 Stephanus
921 3761 996 3848 Byz.
1025 3769 1057 3824 et
1078 3761 1255 3846 Harpocra-

83 3880 150 3947 tion
181 3879 299 3966 ubique
318 3880 466 3947 adhibent
493 3881 629 3969 probum
659 3880 849 3947 vocabulum
880 3890 912 3946 et
938 3888 1085 3967 apparet,
1115 3902 1157 3944 ne
1186 3901 1256 3945 sero

84 3999 245 4087 Stephano
270 3999 397 4088 quidem
421 4010 477 4066 aut
504 4000 665 4068 Eustathio
693 3999 772 4066 adeo
800 3999 921 4080 invitis,
952 3999 1146 4067 Demetrium
1176 4021 1257 4086 opus

83 4141 178 4186 suum
193 4118 324 4186 donasse
335 4120 428 4187 titulo
442 4121 596 4202 ὁμώνυμον
611 4120 737 4198 notata)
753 4125 955 4205 συγγραφεῖς
968 4144 1005 4186 τε
1020 4119 1073 4185 aul
1090 4117 1197 4190 πόλεις
1213 4117 1255 4206 ¹).

117 4301 138 4369 ¹)
156 4302 298 4354 Demetrius
306 4304 369 4356 solet
377 4304 474 4355 landari
488 4306 516 4356 ἓν
528 4313 586 4364 τοῖς
599 4297 814 4368 ’ομωνὺμονςνθΙ
828 4303 857 4356 ἓν
871 4311 930 4362 τοῖς
946 4303 1012 4374 περὶ
1026 4301 1079 4354 τῶν
1093 4294 1256 4363 Ὃμωυῦμννν

82 4393 130 4438 cet.
147 4402 255 4452 qnorum
273 4387 336 4439 illud
353 4389 453 4455 propius
471 4390 503 4441 ed
520 4405 609 4442 rerum
623 4390 726 4442 titulum
743 4381 850 4452 secedit,
867 4389 915 4440 hoc
933 4389 1050 4454 scriptum
1074 4393 1111 4438 est
1126 4385 1254 4438 communi
