2848 4546
163 957 180 1018 1
205 951 318 1019 Thales
340 950 485 1018 Milesius.

160 1073 367 1162 Diogenes
395 1073 429 1136 L.
457 1073 482 1136 Ι.
510 1071 563 1138 38.
594 1073 747 1153 Γεγῖνοιοι
775 1073 806 1138 δὲ
838 1071 890 1137 κοιῖ
923 1070 1015 1136 ἄλλοι
1046 1079 1171 1145 uarat,
1203 1070 1284 1137 κοιῖοὶ

115 1197 195 1275 φησι
227 1191 404 1274 Δημήτριος
434 1191 447 1255 ὅ
480 1191 618 1270 Μοὶγνης
651 1194 682 1257 ἐν
716 1199 780 1265 τοῖς
811 1190 1024 1270 Ὁμωνύμοις,
1058 1189 1163 1254 πέντε·
1193 1191 1288 1272 ῥητωρ

115 1309 355 1385 Κοιλλκτινινός,
380 1308 563 1393 κωκοζηλος·
589 1309 753 1393 ζῳγράφος
774 1308 954 1383 Σικυώνιος,
979 1311 1203 1390 μεγκλοφυής·
1225 1311 1288 1391 τρί-

116 1454 168 1504 τος
201 1431 336 1513 οῖρχωῖος
368 1429 470 1504 πάνυ,
502 1430 588 1495 κκτνὶ
617 1430 752 1496 Ἡσίοδον
777 1429 830 1495 uui
854 1430 993 1512 Ὅμηρον
1018 1431 1070 1496 aui
1095 1433 1284 1512 Λυκοῦργον·

116 1547 284 1630 τέτκρτος,
317 1544 352 1615 οὖ
381 1549 540 1629 μέμνητκι
564 1553 672 1631 Δοῦρις
703 1551 733 1614 ε’ν
762 1551 804 1632 τῷ
833 1549 901 1632 περὶ
926 1547 1109 1633 ζῳγράφων·
1141 1550 1285 1629 πέμπτος

116 1670 275 1749 νεώτερος,
299 1667 426 1748 ἄδοξος,
451 1665 486 1735 οὔ
508 1669 691 1750 μνημονεύει
717 1670 873 1743 Διονύσιος
899 1671 928 1734 ε’ν
953 1679 1119 1751 Κριτικοῖς.

163 1787 320 1861 Διονύσιος
350 1790 381 1854 ἕν
412 1797 577 1871 Κριτικοῖς.
617 1791 697 1855 Casu
725 1788 862 1875 quodam
891 1788 1070 1876 complures
1091 1789 1142 1855 hio
1164 1789 1287 1854 coniec-

117 1916 209 1972 turae
239 1905 339 1972 iaotae
369 1918 460 1986 sunt,
490 1907 570 1973 nihil
596 1909 655 1974 nisi
678 1909 797 1996 ingenii
820 1908 908 1974 lusus
928 1931 988 1973 neo
1014 1909 1091 1973 certi
1114 1907 1188 1993 quid
1211 1907 1288 1972 affe-

117 2034 233 2091 rentes.
267 2025 443 2091 Casauboni
472 2026 685 2092 coniecturam
715 2029 746 2092 ἐν
771 2034 931 2108 Κρητικοῖς
955 2017 1044 2091 nihili
1067 2049 1133 2091 esse
1156 2025 1290 2091 ostendit

117 2144 241 2210 Ionsius
262 2145 319 2211 III.
343 2167 375 2231 p.
399 2145 456 2225 45;
488 2144 520 2209 id
548 2146 688 2210 Ionsium
718 2145 825 2212 fecisse
855 2145 1021 2234 ignorabat
1046 2143 1287 2210 Grafenhanius.

117 2265 144 2330 Ι.
157 2285 188 2350 p.
204 2263 278 2332 543.
303 2264 360 2330 Hie
379 2264 438 2329 levi
457 2265 638 2330 coniectura
656 2265 830 2331 Gasauboni
848 2265 953 2344 nisus,
971 2265 1036 2329 veri
1048 2287 1163 2350 parum
1175 2263 1287 2329 similia

116 2382 157 2448 de
180 2383 319 2470 Dionysii
341 2381 469 2448 Thracis
494 2382 631 2469 quodam
655 2404 748 2470 opere
770 2385 944 2470 suspicatus
961 2394 1020 2464 est,
1052 2407 1156 2471 neque
1183 2395 1287 2448 tamen

118 2500 201 2568 male
224 2501 454 2567 Grtfenhanius
477 2501 608 2568 credidit
626 2504 809 2590 Dionysium
831 2503 1002 2583 Thracem,
1026 2504 1287 2592 grammaticum,

116 2621 169 2687 hio
187 2620 364 2709 significari.
399 2623 478 2686 Item
497 2620 690 2687 halucInatio
702 2632 748 2688 est
758 2622 960 2703 Bernhardii,
981 2625 1012 2688 ἐν
1025 2627 1285 2704 Ὀνειροκριτικοῖς

118 2740 255 2832 (Mulier.
279 2744 312 2810 F.
327 2744 364 2809 H.
377 2742 433 2806 Gr.
457 2743 499 2808 II.
526 2743 595 2832 11).
649 2742 835 2808 Huiusmodi
866 2743 1061 2814 coniecturas
1083 2742 1152 2807 aliis
1176 2763 1287 2806 cumu-

117 2861 186 2928 lare
215 2885 279 2927 non
309 2860 434 2928 difficile
457 2861 552 2943 foret,
584 2886 694 2929 verum
719 2864 829 2951 ingens
852 2863 1074 2950 Dionysiorum
1098 2861 1287 2947 scriptorum

116 2982 212 3048 turba
241 2983 334 3048 etiam
360 2983 516 3070 primariis
537 2985 612 3050 viris
634 2983 855 3049 inextricabilis
878 3005 969 3048 error
987 2982 1056 3048 fuit.
1091 2982 1161 3045 Duo
1180 2988 1286 3045 autem

118 3102 291 3168 monenda:
319 3103 505 3168 novissimus
526 3102 639 3169 Thales
660 3101 767 3182 ἄδοξος
792 3126 811 3168 a
833 3103 993 3168 Demetrio
1014 3101 1131 3166 idcirco
1153 3099 1286 3179 dicitur,

118 3220 204 3308 quod
223 3231 278 3288 aut
296 3245 360 3287 non
376 3221 478 3289 multo
496 3247 528 3289 se
547 3224 705 3310 antiquior
721 3232 776 3289 aut
794 3223 905 3289 ceteris
916 3222 1021 3287 iunior
1033 3221 1143 3298 fuerit,
1161 3229 1192 3284 et
1203 3217 1285 3282 idem

118 3342 285 3431 Dionysius
302 3343 416 3409 iterum
436 3341 560 3408 laudari
578 3340 702 3409 videtur
713 3345 746 3408 in
759 3342 945 3432 Pythagoris
959 3341 1060 3432 (Diog.
1073 3343 1097 3404 L
1109 3341 1194 3408 VIII.
1209 3337 1284 3425 47):

119 3461 200 3546 ,,κοιῖ
223 3460 322 3544 ἕτερον
349 3463 473 3546 Δωρικιὶ
501 3463 846 3546 πεπραγματευμένον,
872 3465 910 3536 ὡς
934 3461 1091 3534 Διονύσιος
1115 3459 1262 3541 ἱοτορεῖ.”

584 3711 824 3769 ΘΕΟΔΩΡΟΙ.

164 3944 369 4032 Diogenes
390 3945 424 4011 L.
448 3944 489 4010 II.
517 3943 702 4011 103—104.
739 3941 884 4024 Θεόδωροι
914 3943 946 4007 δὲ
977 3939 1144 4020 γεγδνοοοιν
1177 3937 1283 4004 εἴκοσι·

120 4069 236 4145 πρῶτος
263 4061 400 4142 Σοῖμιος,
425 4063 487 4135 οἷος
511 4062 638 4127 Ῥοῖκον·
664 4058 750 4136 οὗτός
772 4066 856 4129 εὀτιν
876 4061 890 4126 ὖ
912 4060 1153 4140 συμβουλεύω-κς
1176 4056 1286 4139 asopu-

121 4207 179 4256 κως
204 4182 376 4248 ὑποτιῖὲνοιι
405 4189 469 4256 τοῖς
495 4181 646 4262 θεμελίοις
677 4187 731 4247 τοῦ
757 4185 786 4248 ἕν
811 4181 937 4266 Ἐφέσῳ
961 4182 1026 4246 νεώ·
1047 4179 1200 4260 κκῖύγρον
1222 4177 1284 4256 γῖιρ

119 4303 202 4377 ὄντος
234 4308 288 4368 τοῦ
318 4302 413 4370 τόκον
444 4302 514 4376 τοὺς
549 4301 705 4384 ἄνθρκκοις
736 4301 796 4386 ἔφη
828 4303 862 4367 τὸ
895 4301 1028 4380 ξυλῶδες
1058 4294 1284 4377 οῖιιοβκλδντοις

1093 4419 1110 4482 6
