2848 4546
710 263 750 326 92

193 489 370 555 Demetrius
401 490 546 576 Magnes,
588 487 621 552 in
652 484 848 564 Ὁμωνύμοις
880 492 1003 550 tantum
1035 484 1165 550 nomina
1194 486 1324 572 propria

148 631 332 688 recensens,
355 607 450 673 huius
473 613 596 682 Λευκῆς
618 607 717 680 aleria
741 606 824 670 inter
841 604 957 672 multas
979 603 1126 678 Λενκύς,
1150 604 1264 691 quibus
1283 605 1323 670 ab

149 728 396 815 Harpocratione
423 748 550 813 quoque
573 735 820 804 annumeratur,
850 724 1009 802 meminit,
1038 733 1069 790 et
1091 723 1149 789 sub
1173 724 1323 790 lemmate

150 847 264 912 ’Λκνοοὶ
289 847 418 912 nonnisi
439 867 505 925 eas,
530 844 643 931 quibus
662 846 759 920 ’Λκνύν
776 867 893 911 nomen
908 843 1073 932 proprium
1084 853 1169 924 erat,
1193 845 1322 931 recepit.

625 1090 849 1149 ΛΤΚΩΝΕΣ.

195 1330 396 1416 Diogenes
417 1326 452 1391 L.
476 1326 516 1393 V.
540 1323 593 1389 69.
640 1319 793 1400 Γεγόνασι
815 1321 846 1387 δὲ
870 1321 923 1386 κού
944 1320 1036 1387 ἄλλον
1061 1321 1215 1393 Λύκωνες·
1239 1327 1320 1404 νομῶ-

150 1473 201 1523 τος
217 1444 438 1530 Πνύκνοροκύς·
455 1443 593 1525 δεύτερος
609 1441 703 1512 ababa
723 1434 823 1512 οὗτος·
839 1441 940 1521 κρίτος
957 1442 1036 1505 ἐπῶν
1051 1441 1190 1517 κοινούς·
1207 1441 1320 1522 etrap-

151 1594 202 1643 τος
223 1565 476 1650 ἕκννμοομμύνων
496 1562 634 1639 κονννύς.

197 1692 326 1769 πρῶτος.
373 1684 423 1750 Ad
455 1686 612 1772 Lyconem
641 1684 847 1748 Tarentinum
881 1681 1114 1772 Pythagoreum
1142 1678 1319 1771 (Iamblich.

153 1807 191 1875 de
213 1808 277 1872 vita
296 1804 387 1894 Pytb.
410 1806 425 1889 ᾗ
450 1801 528 1892 267)
553 1802 712 1869 Fabricius
733 1803 769 1866 Β.
789 1802 845 1866 Gr.
869 1804 894 1867 1.
919 1781 983 1868 507
1006 1801 1057 1867 ed.
1084 1808 1320 1868 1³⁰recteretu-

152 1927 189 1993 lit
210 1927 382 2014 Diogenem
404 1926 439 1991 L.
462 1925 501 1992 V.
529 1923 586 2001 16,
611 1921 665 1987 ubi
687 1923 772 2010 Lyco
803 1920 918 1987 dicitur
941 1921 1083 1987 convicia
1105 1922 1137 1986 in
1163 1922 1318 1986 Aristote-

152 2047 215 2112 lem
238 2045 359 2126 iecisse,
390 2045 464 2110 item
500 2041 661 2108 Aristoclis
694 2041 886 2129 peripatetici
920 2041 1015 2107 verba
1045 2041 1129 2128 apud
1150 2039 1320 2107 Eusebium

154 2167 188 2233 P.
212 2167 247 2230 Ε.
269 2168 339 2234 XV.
364 2165 383 2228 2
409 2162 462 2253 (ef.
484 2163 654 2228 Luzacium
677 2163 762 2227 Lect.
785 2161 849 2227 Att.
872 2184 905 2249 p.
925 2163 989 2228 297
1013 2161 1131 2248 seqq.);
1155 2161 1238 2227 idem
1262 2163 1322 2226 Fa-

152 2283 269 2351 bricius
302 2285 460 2370 Lyeonem
490 2281 649 2348 Aristoteli
682 2302 850 2367 supparem
882 2280 975 2346 fuisse
998 2291 1082 2346 recte
1104 2291 1211 2368 putat,
1235 2280 1321 2367 quod

151 2405 328 2471 Demetrius
351 2405 479 2492 Magnes
502 2400 684 2479 confirmat,
707 2423 782 2467 eum
804 2410 997 2489 anteponens
1019 2402 1137 2489 Lyconi
1159 2403 1322 2490 peripate-

153 2527 232 2605 tico,
256 2523 423 2590 Aristotele
444 2523 569 2588 iuniori.

197 2645 224 2708 A
248 2643 447 2733 Pythagoreo
469 2642 655 2721 Tarentino,
679 2651 788 2708 contra
811 2664 908 2727 quam
931 2642 1054 2708 Ionsius
1070 2643 1125 2711 IV.
1140 2643 1204 2707 258
1227 2640 1320 2721 fecit,
1422 2647 1423 2704 ζ

153 2763 250 2851 probe
280 2760 518 2851 distinguendus
540 2772 612 2840 est,
634 2761 714 2827 duce
736 2743 895 2827 Demetrio
916 2762 1077 2850 Magnete,
1102 2761 1321 2850 Pythagoreus
1422 2763 1423 2804 l

154 2881 300 2970 quidam,
331 2905 497 2970 perperam
527 2903 567 2946 ex
598 2881 787 2947 creberrima
818 2879 1000 2946 confusione
1027 2882 1135 2947 Λύκων
1159 2882 1172 2946 ύ
1199 2882 1319 2954 Ἰκοεύς
1422 2855 1423 2895 ³

155 3011 301 3080 vocatus,
325 3023 424 3088 quum
452 3023 564 3067 revera
586 3001 688 3073 Λύκος
711 3001 725 3063 o‘
747 2999 867 3073 Ἰοοοεύς
898 2998 999 3088 dictus
1018 3001 1078 3066 fuit
1099 3000 1139 3066 ab
1164 3000 1323 3067 Athenaeo

154 3144 186 3209 p.
210 3122 286 3187 418.
311 3119 351 3185 cf.
375 3143 406 3207 p.
436 3123 496 3200 473
526 3128 558 3185 et
580 3118 665 3205 apud
687 3118 822 3184 eundem
846 3143 876 3206 p.
902 3119 943 3186 69
967 3119 1241 3202 „Valckeriaerius
1263 3143 1322 3207 pro

150 3241 277 3320 Ἴβυκος
296 3239 351 3305 δ’ὁ
370 3238 575 3320 Πνύκνύρενος
591 3239 748 3304 verissima
765 3239 888 3326 scripsit
906 3240 1006 3314 Λύκος
1023 3241 1075 3305 a'o‘
1091 3240 1319 3323 Πούοονύρεοος”

155 3372 191 3426 ut
216 3360 397 3426 Ruhnkenii
419 3360 521 3426 verbis
547 3359 673 3447 (Opusc.
697 3362 723 3425 1.
745 3382 775 3446 p.
802 3362 868 3426 394
889 3361 939 3449 Β.)
977 3371 1065 3442 utar;
1094 3360 1172 3427 haec
1205 3360 1320 3449 fugisse

154 3479 301 3547 videntur
323 3480 494 3546 Mullerum
510 3467 542 3544 F.
557 3483 594 3545 Η.
607 3481 663 3545 Gr.
677 3482 717 3548 II.
731 3484 806 3548 371.
825 3480 910 3546 Idem
931 3479 1032 3554 Λύκος
1053 3480 1322 3547 laudaturaPor·
1421 3485 1422 3488 ’

155 3600 269 3691 phyrio
299 3601 362 3666 vita
392 3600 483 3689 Pyth.
507 3603 522 3686 ξ
547 3606 585 3680 5,
616 3612 725 3666 contra
759 3599 859 3673 Λύκος
894 3601 1114 3687 peripateticus
1147 3599 1230 3666 male
1263 3622 1322 3686 pro

154 3720 265 3787 Λύκων
288 3718 406 3809 legitur
428 3720 513 3807 apud
535 3720 633 3786 Clem.
661 3693 751 3785 Alex.
776 3722 881 3786 Strom
904 3721 945 3784 II.
970 3721 1045 3786 497.
1077 3719 1117 3784 cf.
1139 3719 1260 3785 Fabric.
1280 3720 1321 3782 II.

155 3842 232 3907 304.
255 3840 303 3906 ed.
330 3848 386 3909 1⁸⁶.
411 3840 540 3906 Ruhnk.
565 3839 624 3927 Op.
649 3838 672 3905 l.
696 3839 718 3904 l.
1206 3887 1211 3898 .

198 3962 283 4048 Lyco
309 3959 411 4049 (Plato
433 3959 525 4048 Apol.
548 3983 579 4047 p.
601 3963 655 4024 23.
678 3984 708 4047 p.
733 3960 786 4029 36.
811 3960 851 4028 cf.
875 3962 981 4027 Groen
1006 3962 1093 4028 Pros.
1117 3959 1164 4025 Pl.
1191 3982 1223 4047 p.
1243 3960 1320 4046 137)

154 4079 343 4160 δνμοονωγύς
368 4079 438 4159 ille,
467 4077 584 4166 quide
607 4081 742 4146 Socratis
764 4082 975 4161 accusatione,
1000 4081 1025 4146 si
1047 4079 1179 4168 Diogeni
1197 4079 1322 4146 Laertio

154 4199 195 4262 ΙΙ.
220 4201 273 4266 38.
301 4197 409 4264 credas
441 4197 523 4288 (vide
554 4199 704 4266 Cobetum
732 4202 772 4269 V.
793 4202 825 4264 L.
849 4202 997 4267 Mnemos.
1028 4200 1121 4279 VIII,
1147 4196 1224 4286 53),
1249 4220 1321 4263 cum

154 4314 222 4381 aliis
241 4315 349 4383 πύννοο
368 4318 599 4400 προητοίμασε,
624 4342 643 4385 a
661 4320 820 4404 Demetrio
839 4322 983 4410 Magnete
1002 4320 1133 4388 omissus
1152 4326 1214 4396 est,
1238 4316 1323 4403 quod
