2822 4540
652 273 669 339 9

121 496 309 578 Demetrius,
327 505 548 585 praeterquam
562 495 751 578 rhetoricae,
764 496 976 586 philosophiae
987 521 1113 588 quoque
1124 502 1244 569 studuit

79 627 108 683 et
126 617 244 684 librum
263 617 443 706 argumenti
472 616 696 705 philosophici,
729 626 765 684 ut
786 619 895 685 Cicero
917 617 1023 698 docet,
1048 623 1241 710 conscripsit.

78 737 168 820 Quod
200 739 233 802 in
264 739 442 820 νοολοίοτομ
477 737 602 824 quidem
634 739 753 804 nemini
785 739 902 805 mirum
932 737 1103 822 videbitur,
1139 766 1243 831 neque

76 859 176 926 adhuc
199 861 348 947 cuiquam
370 860 430 926 nisi
451 859 585 926 Baehrio
607 859 704 926 dubio
726 861 898 926 obnoxium
920 861 1023 927 visum
1044 873 1101 930 est.
1133 865 1242 932 Hicin

76 978 175 1044 Paulli
204 979 295 1049 Thes.
319 981 351 1045 11
372 1002 403 1067 p.
434 981 498 1047 938
528 980 709 1047 dubitanter
738 982 914 1068 suspicatur
943 1003 962 1046 a
992 983 1150 1050 Demetrio
1178 986 1243 1050 lla·

75 1108 167 1187 gnete
189 1099 353 1178 Historico,
376 1108 414 1165 ut
432 1100 838 1167 Grammaticumnostrum
855 1111 962 1180 vocat,
986 1101 1243 1192 distinguendum

56 1240 136 1284 ,esse
159 1218 256 1284 Attici
273 1218 428 1298 amicum,
460 1219 516 1306 qui
542 1219 610 1300 περὶ
642 1219 782 1299 ὁμονοίας
815 1221 949 1307 scripsit3
981 1219 1066 1286 addit
1088 1223 1243 1291 incertum

73 1361 137 1404 esse
160 1337 405 1425 relinquendum
429 1349 538 1404 utrum
557 1337 608 1406 hic
626 1340 850 1427 Peripateticus
868 1362 909 1405 an
928 1350 1057 1427 propter
1075 1342 1242 1409 amicitiam

73 1457 169 1524 Attici
202 1458 376 1544 Epicureus
409 1457 628 1524 numerandus
655 1459 705 1526 sit.
755 1459 908 1526 Baehrius
937 1461 1084 1539 forsitan,
1114 1461 1243 1530 nullum

72 1577 158 1643 enim
170 1587 396 1666 argumentum
406 1577 543 1664 profert,
568 1588 730 1644 auctorem
753 1578 826 1644 libri
844 1579 911 1662 περὶ
936 1579 1103 1660 ὁμωνύμων
1122 1595 1153 1648 et
1170 1580 1244 1648 libri

73 1696 139 1779 rapi
154 1697 295 1776 ὁμονοίας
307 1720 368 1785 pro
378 1697 506 1764 diversis
517 1697 634 1764 idcirco
645 1697 799 1775 habuerit,
812 1699 961 1786 quoniam
974 1701 1028 1788 qui
1041 1700 1244 1789 philosophus

72 1817 195 1904 scripsit
216 1816 256 1882 de
279 1817 462 1898 concordia,
487 1816 569 1883 idem
594 1817 648 1883 ille
669 1841 735 1883 non
753 1819 891 1905 potuerit
908 1819 1043 1886 condere
1061 1820 1242 1889 historicum

72 1960 153 2024 opus
170 1936 423 2024 descriptoribus
442 1937 691 2026 cognominibus
716 1938 758 2003 At
773 1939 798 2002 si
815 1948 925 2005 auctor
939 1937 1011 2004 libri
1024 1939 1091 2022 περὶ
1102 1940 1242 2019 ὁμονοίας

72 2056 133 2123 fuit
162 2057 393 2144 peripateticus,
422 2058 504 2124 idem
535 2067 567 2122 et
593 2056 727 2122 alterum
755 2057 890 2124 condere
912 2059 1027 2145 potuit,
1050 2060 1244 2147 peripatetici

72 2179 158 2244 enim
188 2201 226 2244 eo
254 2175 384 2243 valuere
414 2175 499 2265 quod
529 2176 655 2242 nullum
679 2176 862 2243 eruditionis
885 2201 985 2266 genus
1008 2180 1190 2246 omittebant
1212 2191 1244 2248 et

70 2321 109 2364 ex
139 2297 178 2363 iis
206 2296 337 2384 plurimi
366 2299 566 2379 πολοίοτορες
598 2296 729 2384 profecti
758 2307 847 2378 sunt3
873 2297 958 2385 quod
987 2322 1063 2365 vero
1092 2299 1244 2367 Baehrius

70 2441 145 2484 eum
177 2418 232 2504 qui
262 2417 329 2500 περὶ
358 2416 497 2497 ὁμονοίας
525 2417 663 2505 scripsit,
688 2417 728 2482 ob
754 2418 922 2484 amicitiam
937 2418 1030 2484 Attici
1052 2421 1242 2508 Epicureum

67 2537 196 2616 habuit,
220 2535 252 2602 id
279 2537 351 2603 inde
370 2536 536 2603 infeliciter
558 2536 691 2602 confecit
714 2537 799 2624 quod
820 2537 886 2624 ipse
907 2539 1027 2604 Atticus
1050 2539 1146 2606 fuerit
1166 2541 1243 2627 Epi-

70 2681 204 2738 cureus3
242 2680 284 2723 ne
314 2657 415 2723 dicam
445 2657 584 2723 Atticum
616 2657 720 2722 virum
751 2657 930 2723 mitissimae
959 2657 1088 2739 indolis,
1119 2670 1151 2727 et
1180 2682 1244 2746 quo

68 2801 167 2844 nemo
192 2779 356 2843 Romanus
385 2776 493 2864 plures
520 2778 657 2842 Graecos
687 2775 828 2841 homines
851 2798 926 2841 suae
948 2777 1055 2843 aetatis
1078 2780 1242 2866 cognorit,

68 2899 190 2986 optime
201 2896 387 2962 familiarem
410 2894 555 2961 habuisse
578 2895 716 2982 quinon
735 2896 923 2982 Epicureus,
948 2895 1001 2962 sed
1019 2897 1243 2984 Peripateticus

68 3028 126 3085 aut
157 3018 280 3083 Stoicus
307 3015 385 3082 adeo
415 3014 530 3095 fuerit,
566 3016 688 3080 Atticus
716 3036 917 3101 nequaquam
948 3013 1009 3080 fuit
1037 3016 1243 3099 Ἐπικούρειος

67 3135 221 3218 καὸαςὸς,
253 3146 289 3203 ut
318 3134 503 3201 iamdudum
531 3134 665 3201 ostendit
686 3136 811 3200 Jonsius
837 3134 889 3224 (ll.
915 3135 946 3200 8.
971 3133 1004 3222 4)
1027 3144 1058 3200 et
1080 3145 1149 3222 post
1170 3159 1244 3202 eum

66 3256 170 3323 fusius
219 3256 451 3323 Hullemannus
491 3259 531 3326 V.
574 3254 620 3322 Cl.
662 3257 695 3320 in
737 3254 875 3320 Diatribe
915 3253 953 3319 de
994 3256 1030 3322 Τ.
1071 3257 1246 3344 Pomponio

65 3379 173 3443 Attico
203 3401 235 3464 p.
265 3379 453 3443 159-171.
507 3379 549 3442 Ut
583 3376 741 3441 neminem
781 3373 903 3440 deceat.
923 3374 1140 3441 immemorem
1178 3401 1243 3443 esse

65 3498 231 3584 praecepti
253 3496 392 3562 eiusdem
409 3496 521 3576 lensii,
551 3496 727 3573 monentis,
750 3495 847 3560 satius
858 3517 922 3560 esse
934 3493 1154 3584 distinguendo
1177 3495 1245 3562 falli

67 3640 169 3705 quam
192 3614 415 3704 coniungendo
437 3637 563 3695 errare,
588 3625 693 3681 tamen
717 3614 953 3700 unusquisque,
978 3614 1181 3701 quiquidem
1205 3639 1245 3682 ex

66 3737 259 3827 fragmentis
284 3734 453 3802 hodiedum
477 3734 694 3822 superstitibus
716 3733 910 3800 Demetrium
934 3735 1129 3822 cognoverit,
1154 3733 1247 3802 vide-

64 3859 116 3924 bit
126 3856 253 3923 baehrii
263 3856 490 3943 suspicionem,
513 3853 605 3920 nullo
617 3863 807 3942 argumento
817 3853 935 3933 nisam,
956 3877 1022 3919 esse
1032 3854 1243 3922 reiiciendam:

67 3986 194 4043 constat
222 3976 306 4042 enim
333 3976 417 4041 intra
445 3975 540 4040 unius
569 3974 704 4040 hominis
733 3983 867 4038 aetatem
890 3971 986 4039 libros
1010 3973 1077 4055 περὶ
1103 3973 1244 4054 ὁμονοίας

67 4106 105 4163 et
134 4095 203 4178 περὶ
231 4094 399 4176 ὁμωνύμων
430 4119 496 4160 esse
522 4094 729 4181 conscriptos3
755 4103 786 4158 et
807 4115 1007 4180 nequaquam
1031 4093 1070 4158 ab
1093 4115 1158 4158 uno
1179 4095 1246 4160 De-

67 4216 188 4283 metrio
199 4218 343 4304 Magnete
359 4215 524 4282 abhorruit
545 4213 600 4282 sed
621 4214 758 4281 maxime
780 4212 809 4278 ei
832 4213 978 4279 convenit
999 4221 1171 4299 utrumque
1193 4234 1244 4279 ar-

68 4348 263 4425 gumentum
285 4347 449 4418 tractasse,
474 4337 528 4424 qui
552 4335 668 4425 optime
691 4331 822 4402 calleret
841 4354 921 4421 quae
939 4330 1138 4420 philosophos
1156 4353 1243 4421 spec·

1308 4423 1377 4504 A
