2848 4546
730 295 792 360 102

178 519 245 586 eius
268 516 409 584 meminit
430 518 693 582 Westermannus
722 516 754 579 in
778 514 877 600 prael.
902 514 941 580 ad
964 514 1266 604 Paradoxographos
1288 538 1351 580 ne-

180 661 242 726 que
271 635 502 703 Gralenhanius
530 637 571 702 ll.
602 638 616 718 ᾗ
644 634 837 701 125-126.
869 635 924 721 qui
953 633 992 700 de
1018 633 1126 700 multis
1156 634 1352 724 mythologie

177 757 279 826 multa
308 755 473 822 dederunt.
520 755 624 837 Quam
657 777 761 820 crasso
791 777 899 820 erroro
929 756 1091 843 Menagius
1121 755 1186 821 huc
1215 756 1352 820 traxerit

177 876 417 964 Xenophontem
441 875 493 940 τὸν
517 873 746 952 lavacrorum
766 873 805 938 ab
824 874 985 940 Athenaeo
1005 897 1036 960 p.
1058 875 1098 939 19
1118 884 1348 951 memoratum,

176 1019 271 1064 nemo
293 1019 357 1061 non
382 995 464 1059 videt
487 995 541 1081 qui
564 1017 653 1060 secus
675 1006 770 1082 atque
796 994 851 1060 ille
881 995 958 1061 sciat
985 995 1071 1060 aliud
1093 971 1164 1060 esse
1186 996 1349 1075 θαυματο-

176 1115 277 1191 rroro'r,
299 1114 385 1181 aliud
397 1115 676 1196 exuperaretque.
699 1114 831 1181 Felicius
850 1116 951 1203 egeris
969 1116 995 1182 si
1013 1115 1076 1181 huc
1095 1116 1227 1182 traxeris
1246 1114 1348 1182 alium

175 1235 434 1322 Xenophontem,
466 1235 623 1300 incertum
654 1233 757 1300 adhuc
787 1236 819 1300 in
842 1234 971 1300 historia
994 1235 1146 1300 litteraria
1165 1245 1347 1324 vagantem.

126 1419 131 1424 .
175 1358 229 1421 Est
257 1355 432 1442 Xenophon
462 1356 708 1441 lampsacenus3
742 1378 780 1420 eo
803 1355 924 1422 Plinius
946 1355 979 1424 in
1001 1357 1140 1423 Naturae
1162 1357 1305 1422 Historiis
1328 1379 1349 1422 a

173 1476 267 1542 tertio
281 1469 343 1542 ‘ad'
355 1477 521 1562 septimum
544 1464 662 1540 librum
686 1498 761 1540 usus
784 1485 846 1552 est,
864 1486 900 1540 ut
918 1475 951 1540 in
970 1474 1123 1540 indicibus
1142 1498 1270 1561 quoque
1290 1474 1346 1541 do·

173 1605 231 1661 cet.
278 1594 518 1681 Xenophontem
541 1595 806 1682 Lampsacenum,
831 1593 923 1660 illum
947 1595 1049 1681 ipsum
1069 1617 1134 1660 esse
1152 1583 1346 1682 Xenophon-

160 1725 258 1798 tem,
291 1715 345 1800 qui
367 1715 526 1779 Demetrio
548 1725 625 1779 teste
647 1715 769 1792 μυθώδη
796 1713 960 1795 τερατείαν
988 1716 1179 1801 composuit,
1202 1716 1266 1780 iam
1290 1737 1347 1802 ap·

173 1856 286 1921 parere
308 1835 432 1921 poterit.
479 1834 599 1900 Plinius
617 1836 672 1903 Vl.
687 1835 739 1900 36.
754 1857 784 1920 p.
799 1836 875 1900 417.
892 1835 961 1920 Bip.
985 1833 1064 1900 haec
1075 1857 1114 1900 ex
1136 1833 1347 1921 Xenophonte

172 1954 385 2040 lampsaceno
408 1950 550 2017 tradidit:
598 1952 735 2034 „Contra
755 1951 814 2018 hoc
835 1975 962 2038 quoque
984 1953 1238 2038 promontorium
1262 1954 1345 2020 Gor-

172 2072 269 2161 gades
301 2073 422 2138 insulae
455 2083 644 2149 narrantur,
680 2072 868 2160 Gorgonum
903 2071 1063 2158 quondam
1098 2071 1227 2151 domus,
1256 2072 1345 2140 bidui

170 2191 371 2279 navigatione
402 2192 549 2256 distantes
583 2191 821 2269 acontinente,
852 2203 888 2256 ut
918 2191 1014 2262 tradit
1039 2191 1214 2279 Xenophon
1249 2196 1343 2260 Lam-

171 2332 335 2397 psacenus.
360 2311 539 2374 Penetravit
560 2311 593 2374 in
616 2333 668 2376 eas
692 2313 804 2376 Hanno
827 2310 1014 2396 imperator,
1039 2310 1237 2397 prodiditque
1259 2312 1344 2380 hirta

170 2428 361 2495 feminarum
385 2451 535 2516 corpora,
560 2430 642 2494 uiros
665 2431 848 2516 pernicitate
871 2432 1018 2506 evasisse3
1040 2431 1240 2517 duarumque
1259 2431 1341 2498 Gor·
1417 2447 1418 2472 ¹

1417 2519 1418 2546 l

171 2572 292 2636 gonum
324 2560 410 2614 cutes
439 2549 620 2638 argumenti
652 2561 684 2615 et
706 2551 852 2616 miraculi
881 2552 984 2639 gratia
1013 2551 1045 2616 in
1068 2551 1199 2616 lunonis
1221 2551 1341 2637 templo
1417 2551 1418 2555 ’

170 2669 292 2755 posuit,
316 2679 467 2755 spectatae
486 2691 586 2754 usque
605 2667 644 2732 ad
663 2668 886 2757 Carthaginem
906 2669 1064 2756 captam.”
1111 2670 1237 2736 Solinus
1256 2693 1283 2735 c.
1298 2673 1341 2738 60

170 2786 308 2852 Plinium
340 2811 444 2875 presse
470 2799 595 2852 secutus
617 2789 677 2852 ait:
711 2788 875 2874 „prodidit
904 2787 1017 2854 deinde
1044 2787 1219 2876 Xenophon
1242 2791 1340 2856 Lam-

170 2927 323 2992 psacenus
341 2908 545 2986 Hannonem,
565 2908 744 2972 Poenorum
759 2908 999 2992 imperatorem,
1017 2910 1049 2974 in
1065 2931 1117 2974 eas
1139 2909 1340 2998 (Gorgonum

171 3025 301 3115 insulas)
335 3049 528 3112 permeasse,
563 3038 766 3113 repertasque
800 3027 842 3092 ibi
876 3027 1008 3094 feminas
1041 3029 1108 3094 aliti
1137 3030 1338 3116 pernicitate,

172 3154 266 3230 atque
297 3167 336 3209 ex
366 3145 527 3220 omnibns,
559 3168 640 3231 quae
672 3158 900 3232 apparuerant,
932 3147 1011 3214 duas
1041 3159 1146 3236 captas
1168 3161 1231 3215 tam
1256 3149 1340 3214 hirto

170 3276 265 3352 atque
295 3285 405 3350 aspero
435 3287 584 3350 corpore,
613 3275 650 3328 ut
673 3264 712 3328 ad
734 3278 961 3354 argumentum
983 3268 1169 3354 spectandae
1191 3270 1238 3334 rei
1259 3269 1338 3334 dua-

170 3405 243 3448 rum
278 3394 364 3448 cutes
398 3382 543 3448 miraculi
576 3385 678 3470 gratia
705 3387 787 3452 inter
816 3386 947 3454 donaria
976 3389 1106 3454 lunonis
1124 3387 1337 3476 suspenderit,

170 3523 252 3589 quae
275 3501 429 3566 duravere
459 3502 621 3588 usquead
650 3515 790 3591 tempora
813 3505 924 3571 excidii
946 3507 1241 3595 Carthaginiensis.”
1288 3507 1339 3574 Ob

169 3621 248 3687 haec
273 3621 398 3686 Solinus
428 3623 569 3708 carpitur
598 3622 773 3690 aMullero
795 3627 828 3693 F.
852 3628 889 3693 H.
915 3626 971 3692 Gr.
996 3628 1052 3690 lll.
1078 3628 1160 3706 209,
1185 3628 1336 3714 quoniam

169 3764 251 3828 quae
285 3740 405 3805 Plinius
438 3765 477 3806 ex
511 3743 664 3808 Hannone
698 3744 847 3829 petiisset,
871 3768 908 3811 ea
932 3758 1093 3832 tamquam
1119 3747 1337 3834 Xenophontis

169 3861 382 3926 narrationem
405 3861 556 3954 attulerit.
595 3864 714 3930 Verum
734 3863 903 3943 llullerus,
927 3866 1065 3932 scribens
1083 3865 1226 3932 Solinum
1246 3878 1336 3932 sueta

166 3981 362 4070 negligentia
384 3980 434 4045 hic
457 3981 572 4067 egisse,
605 3981 691 4046 aliud
714 3982 795 4071 egit,
826 4007 900 4050 nam
924 3985 1043 4050 Plinius
1065 4008 1104 4050 ex
1126 3985 1336 4071 Xenophonte

166 4102 392 4188 Lampsaceno,
417 4101 546 4164 minime
566 4122 642 4166 vero
665 4125 704 4166 ex
726 4104 880 4168 Hannone
903 4127 1093 4192 cognoscere
1112 4105 1228 4190 potuit,
1253 4105 1336 4170 Gor·

166 4243 288 4308 gonum
310 4231 397 4284 cutes
420 4219 564 4285 miraculi
587 4222 690 4308 gratia
711 4224 744 4288 in
766 4224 895 4292 lunonis
920 4225 1040 4312 templo
1064 4225 1194 4312 positas,
1218 4222 1334 4290 ibidem

166 4337 212 4404 ad
245 4336 537 4426 Carthaginem
559 4352 718 4428 captam
741 4354 894 4430 spectatas
912 4345 1034 4414 fuisse·
1061 4346 1108 4410 Ne
1130 4343 1333 4424 dubitemus,
