<?xml version="1.0" encoding="UTF-8"?>
<!DOCTYPE html PUBLIC "-//W3C//DTD XHTML 1.0 Transitional//EN"
    "http://www.w3.org/TR/xhtml1/DTD/xhtml1-transitional.dtd">
<html xmlns="http://www.w3.org/1999/xhtml" xml:lang="en" lang="en">
 <head>
  <title>
</title>
<meta http-equiv="Content-Type" content="text/html;charset=utf-8" />
  <meta name='ocr-system' content='tesseract 3.04.00' />
  <meta name='ocr-capabilities' content='ocr_page ocr_carea ocr_par ocr_line ocrx_word'/>
</head>
<body>
  <div class='ocr_page' id='page_1' title='image "./dedemetriomagne00schegoog_0049.png"; bbox 0 0 2822 4540; ppageno 0'>
   <div class='ocr_carea' id='block_1_1' title="bbox 712 299 755 362">
    <p class='ocr_par' dir='ltr' id='par_1_1' title="bbox 712 299 755 362">
     <span class='ocr_line' id='line_1_1' title="bbox 712 299 755 362; baseline 0 0"><span class='ocrx_word' id='word_1_1' title='bbox 712 299 755 362; x_wconf 76' lang='lat'><strong>38</strong></span> 
     </span>
    </p>
   </div>
   <div class='ocr_carea' id='block_1_2' title="bbox 152 514 1327 2035">
    <p class='ocr_par' dir='ltr' id='par_1_2' title="bbox 152 514 1327 2035">
     <span class='ocr_line' id='line_1_2' title="bbox 198 514 1325 608; baseline -0.004 -22"><span class='ocrx_word' id='word_1_2' title='bbox 198 519 289 604; x_wconf 87' lang='lat' dir='ltr'><strong>Quod</strong></span> <span class='ocrx_word' id='word_1_3' title='bbox 317 519 357 586; x_wconf 89' lang='lat' dir='ltr'><strong>ad</strong></span> <span class='ocrx_word' id='word_1_4' title='bbox 375 520 513 608; x_wconf 88' lang='lat' dir='ltr'><strong>reliquos</strong></span> <span class='ocrx_word' id='word_1_5' title='bbox 535 519 728 596; x_wconf 83' lang='lat' dir='ltr'><strong>Aristoteles,</strong></span> <span class='ocrx_word' id='word_1_6' title='bbox 752 517 934 608; x_wconf 76' lang='lat' dir='ltr'><strong>stagiritae,</strong></span> <span class='ocrx_word' id='word_1_7' title='bbox 959 516 1008 584; x_wconf 89' lang='lat' dir='ltr'><strong>dei</strong></span> <span class='ocrx_word' id='word_1_8' title='bbox 1032 514 1188 594; x_wconf 84' lang='lat' dir='ltr'><strong>mortalis,</strong></span> <span class='ocrx_word' id='word_1_9' title='bbox 1220 515 1325 606; x_wconf 86' lang='lat' dir='ltr'><strong>gloria</strong></span> 
     </span>
     <span class='ocr_line' id='line_1_3' title="bbox 154 633 1325 724; baseline -0.006 -17"><span class='ocrx_word' id='word_1_10' title='bbox 154 650 330 708; x_wconf 86' lang='lat' dir='ltr'><strong>ceterorum</strong></span> <span class='ocrx_word' id='word_1_11' title='bbox 361 640 479 706; x_wconf 80' lang='lat' dir='ltr'><strong>famam</strong></span> <span class='ocrx_word' id='word_1_12' title='bbox 506 637 584 705; x_wconf 86' lang='lat' dir='ltr'><strong>adeo</strong></span> <span class='ocrx_word' id='word_1_13' title='bbox 608 640 800 718; x_wconf 78' lang='lat' dir='ltr'>obscuravit,</span> <span class='ocrx_word' id='word_1_14' title='bbox 837 647 873 702; x_wconf 85' lang='lat' dir='ltr'><strong>ut</strong></span> <span class='ocrx_word' id='word_1_15' title='bbox 902 637 954 702; x_wconf 74' lang='lat' dir='ltr'><strong>&#39;vix</strong></span> <span class='ocrx_word' id='word_1_16' title='bbox 977 635 1095 724; x_wconf 90' lang='lat' dir='ltr'><strong>aliquid</strong></span> <span class='ocrx_word' id='word_1_17' title='bbox 1117 635 1168 704; x_wconf 88' lang='lat' dir='ltr'><strong>hic</strong></span> <span class='ocrx_word' id='word_1_18' title='bbox 1189 633 1325 702; x_wconf 81' lang='lat' dir='ltr'><strong>discerni</strong></span> 
     </span>
     <span class='ocr_line' id='line_1_4' title="bbox 153 755 1323 846; baseline -0.007 -19"><span class='ocrx_word' id='word_1_19' title='bbox 153 771 186 826; x_wconf 86' lang='lat' dir='ltr'><strong>et</strong></span> <span class='ocrx_word' id='word_1_20' title='bbox 206 760 353 827; x_wconf 89' lang='lat' dir='ltr'><strong>constitui</strong></span> <span class='ocrx_word' id='word_1_21' title='bbox 373 759 478 846; x_wconf 85' lang='lat' dir='ltr'><strong>possit.</strong></span> <span class='ocrx_word' id='word_1_22' title='bbox 512 760 600 824; x_wconf 89' lang='lat' dir='ltr'><strong>luter</strong></span> <span class='ocrx_word' id='word_1_23' title='bbox 615 760 782 846; x_wconf 78' lang='lat' dir='ltr'><strong>scriptores</strong></span> <span class='ocrx_word' id='word_1_24' title='bbox 802 757 989 824; x_wconf 88' lang='lat' dir='ltr'><strong>recentiores</strong></span> <span class='ocrx_word' id='word_1_25' title='bbox 1012 756 1067 842; x_wconf 85' lang='lat' dir='ltr'><strong>qni</strong></span> <span class='ocrx_word' id='word_1_26' title='bbox 1088 755 1149 824; x_wconf 88' lang='lat' dir='ltr'><strong>hoc</strong></span> <span class='ocrx_word' id='word_1_27' title='bbox 1171 762 1323 842; x_wconf 84' lang='lat' dir='ltr'><strong>egerunt,</strong></span> 
     </span>
     <span class='ocr_line' id='line_1_5' title="bbox 153 871 1327 964; baseline -0.004 -19"><span class='ocrx_word' id='word_1_28' title='bbox 153 879 254 959; x_wconf 86' lang='lat' dir='ltr'><strong>solus,</strong></span> <span class='ocrx_word' id='word_1_29' title='bbox 279 877 364 964; x_wconf 86' lang='lat' dir='ltr'><strong>quod</strong></span> <span class='ocrx_word' id='word_1_30' title='bbox 385 879 495 956; x_wconf 84' lang='lat' dir='ltr'><strong>sciam,</strong></span> <span class='ocrx_word' id='word_1_31' title='bbox 519 879 642 943; x_wconf 82' lang='lat' dir='ltr'><strong>lonsius</strong></span> <span class='ocrx_word' id='word_1_32' title='bbox 664 879 690 942; x_wconf 89' lang='lat'><strong>1.</strong></span> <span class='ocrx_word' id='word_1_33' title='bbox 714 902 744 964; x_wconf 90' lang='lat' dir='ltr'><strong>p.</strong></span> <span class='ocrx_word' id='word_1_34' title='bbox 770 879 811 944; x_wconf 87' lang='grc'><strong>70</strong></span> <span class='ocrx_word' id='word_1_35' title='bbox 834 899 919 963; x_wconf 88' lang='lat' dir='ltr'><strong>seqq.</strong></span> <span class='ocrx_word' id='word_1_36' title='bbox 942 875 1119 955; x_wconf 74' lang='grc' dir='ltr'><strong><em>ὁμωνύμους</em></strong></span> <span class='ocrx_word' id='word_1_37' title='bbox 1143 871 1327 942; x_wconf 84' lang='lat' dir='ltr'><strong>Aristoteles</strong></span> 
     </span>
     <span class='ocr_line' id='line_1_6' title="bbox 155 992 1325 1086; baseline -0.007 -22"><span class='ocrx_word' id='word_1_38' title='bbox 155 997 294 1086; x_wconf 81' lang='lat' dir='ltr'><strong>collegit.</strong></span> <span class='ocrx_word' id='word_1_39' title='bbox 338 999 385 1062; x_wconf 84' lang='lat' dir='ltr'><strong>Ex</strong></span> <span class='ocrx_word' id='word_1_40' title='bbox 415 997 529 1084; x_wconf 89' lang='lat' dir='ltr'><strong>quibus</strong></span> <span class='ocrx_word' id='word_1_41' title='bbox 559 997 703 1063; x_wconf 87' lang='lat' dir='ltr'><strong>omnibus</strong></span> <span class='ocrx_word' id='word_1_42' title='bbox 733 997 765 1062; x_wconf 93' lang='lat' dir='ltr'><strong>hi</strong></span> <span class='ocrx_word' id='word_1_43' title='bbox 789 1007 910 1062; x_wconf 87' lang='lat' dir='ltr'><strong>tautum</strong></span> <span class='ocrx_word' id='word_1_44' title='bbox 934 995 1015 1062; x_wconf 79' lang='lat' dir='ltr'><strong>forte</strong></span> <span class='ocrx_word' id='word_1_45' title='bbox 1036 994 1100 1060; x_wconf 88' lang='lat' dir='ltr'><strong>huc</strong></span> <span class='ocrx_word' id='word_1_46' title='bbox 1123 992 1226 1060; x_wconf 82' lang='lat' dir='ltr'><strong>iacere</strong></span> <span class='ocrx_word' id='word_1_47' title='bbox 1248 1014 1325 1078; x_wconf 90' lang='lat' dir='ltr'><strong>pos·</strong></span> 
     </span>
     <span class='ocr_line' id='line_1_7' title="bbox 155 1110 1325 1203; baseline -0.009 -19"><span class='ocrx_word' id='word_1_48' title='bbox 155 1127 244 1185; x_wconf 87' lang='lat' dir='ltr'><strong>sunt:</strong></span> <span class='ocrx_word' id='word_1_49' title='bbox 281 1115 475 1194; x_wconf 79' lang='lat' dir='ltr'><strong>Aristoteles,</strong></span> <span class='ocrx_word' id='word_1_50' title='bbox 508 1116 561 1203; x_wconf 87' lang='lat' dir='ltr'><strong>qui</strong></span> <span class='ocrx_word' id='word_1_51' title='bbox 584 1116 747 1196; x_wconf 80' lang='grc' dir='ltr'><strong><em>ύοουμύοονο</em></strong></span> <span class='ocrx_word' id='word_1_52' title='bbox 766 1116 959 1196; x_wconf 67' lang='lat' dir='ltr'><strong>clauderem</strong></span> <span class='ocrx_word' id='word_1_53' title='bbox 990 1113 1112 1200; x_wconf 74' lang='lat' dir='ltr'><strong>scripsit</strong></span> <span class='ocrx_word' id='word_1_54' title='bbox 1146 1110 1200 1202; x_wconf 70' lang='lat' dir='ltr'><strong>(ci.</strong></span> <span class='ocrx_word' id='word_1_55' title='bbox 1235 1113 1325 1179; x_wconf 87' lang='lat' dir='ltr'><strong>Voss.</strong></span> 
     </span>
     <span class='ocr_line' id='line_1_8' title="bbox 154 1229 1325 1322; baseline -0.006 -21"><span class='ocrx_word' id='word_1_56' title='bbox 154 1239 193 1301; x_wconf 88' lang='lat' dir='ltr'><strong>H.</strong></span> <span class='ocrx_word' id='word_1_57' title='bbox 204 1235 262 1300; x_wconf 84' lang='lat' dir='ltr'><strong>Gr.</strong></span> <span class='ocrx_word' id='word_1_58' title='bbox 275 1258 305 1322; x_wconf 87' lang='lat' dir='ltr'><strong>p.</strong></span> <span class='ocrx_word' id='word_1_59' title='bbox 320 1238 358 1300; x_wconf 99' lang='grc'><strong>71</strong></span> <span class='ocrx_word' id='word_1_60' title='bbox 373 1235 442 1313; x_wconf 88' lang='lat' dir='ltr'><strong>W.,</strong></span> <span class='ocrx_word' id='word_1_61' title='bbox 456 1237 538 1302; x_wconf 88' lang='lat' dir='ltr'><strong>lons.</strong></span> <span class='ocrx_word' id='word_1_62' title='bbox 551 1237 593 1299; x_wconf 92' lang='lat' dir='ltr'><strong>ll.</strong></span> <span class='ocrx_word' id='word_1_63' title='bbox 607 1237 687 1314; x_wconf 77' lang='lat'><strong>209,</strong></span> <span class='ocrx_word' id='word_1_64' title='bbox 700 1236 869 1300; x_wconf 82' lang='lat' dir='ltr'><strong>Westerm</strong></span> <span class='ocrx_word' id='word_1_65' title='bbox 882 1230 1097 1319; x_wconf 83' lang='lat' dir='ltr'><strong>Paradoxogr.</strong></span> <span class='ocrx_word' id='word_1_66' title='bbox 1116 1253 1221 1316; x_wconf 81' lang='lat' dir='ltr'><strong>pxsv</strong></span> <span class='ocrx_word' id='word_1_67' title='bbox 1232 1229 1325 1318; x_wconf 89' lang='lat' dir='ltr'><strong>seq.).</strong></span> 
     </span>
     <span class='ocr_line' id='line_1_9' title="bbox 155 1347 1323 1443; baseline -0.005 -25"><span class='ocrx_word' id='word_1_68' title='bbox 155 1353 335 1420; x_wconf 88' lang='lat' dir='ltr'><strong>Aristoteles</strong></span> <span class='ocrx_word' id='word_1_69' title='bbox 349 1351 389 1443; x_wconf 73' lang='lat' dir='ltr'><strong>(i)</strong></span> <span class='ocrx_word' id='word_1_70' title='bbox 416 1352 596 1424; x_wconf 86' lang='lat' dir='ltr'><strong>dialecticus</strong></span> <span class='ocrx_word' id='word_1_71' title='bbox 620 1354 798 1441; x_wconf 83' lang='lat' dir='ltr'><strong>Sicyonius,</strong></span> <span class='ocrx_word' id='word_1_72' title='bbox 824 1363 901 1418; x_wconf 87' lang='lat' dir='ltr'><strong>natu</strong></span> <span class='ocrx_word' id='word_1_73' title='bbox 922 1350 1024 1419; x_wconf 89' lang='lat' dir='ltr'><strong>maior</strong></span> <span class='ocrx_word' id='word_1_74' title='bbox 1045 1350 1143 1416; x_wconf 91' lang='lat' dir='ltr'><strong>Arato</strong></span> <span class='ocrx_word' id='word_1_75' title='bbox 1160 1347 1323 1435; x_wconf 82' lang='lat' dir='ltr'><strong>Sicyonio;</strong></span> 
     </span>
     <span class='ocr_line' id='line_1_10' title="bbox 154 1467 1322 1562; baseline -0.006 -24"><span class='ocrx_word' id='word_1_76' title='bbox 154 1473 271 1539; x_wconf 81' lang='lat' dir='ltr'><strong>Aratus</strong></span> <span class='ocrx_word' id='word_1_77' title='bbox 300 1495 400 1558; x_wconf 88' lang='lat' dir='ltr'><strong>quum</strong></span> <span class='ocrx_word' id='word_1_78' title='bbox 431 1483 523 1538; x_wconf 83' lang='lat' dir='ltr'><strong>natus</strong></span> <span class='ocrx_word' id='word_1_79' title='bbox 545 1483 592 1538; x_wconf 90' lang='lat' dir='ltr'><strong>est</strong></span> <span class='ocrx_word' id='word_1_80' title='bbox 612 1476 676 1540; x_wconf 79' lang='lat'><strong>271</strong></span> <span class='ocrx_word' id='word_1_81' title='bbox 702 1497 732 1539; x_wconf 83' lang='lat' dir='ltr'><strong>e.</strong></span> <span class='ocrx_word' id='word_1_82' title='bbox 748 1474 784 1538; x_wconf 56' lang='lat' dir='ltr'><strong>«C.</strong></span> <span class='ocrx_word' id='word_1_83' title='bbox 811 1472 958 1562; x_wconf 88' lang='lat' dir='ltr'><strong>(Clinton.</strong></span> <span class='ocrx_word' id='word_1_84' title='bbox 982 1473 1015 1534; x_wconf 87' lang='lat' dir='ltr'><strong>F.</strong></span> <span class='ocrx_word' id='word_1_85' title='bbox 1034 1472 1073 1537; x_wconf 87' lang='lat' dir='ltr'><strong>ll.</strong></span> <span class='ocrx_word' id='word_1_86' title='bbox 1096 1471 1153 1536; x_wconf 83' lang='lat'><strong>111.</strong></span> <span class='ocrx_word' id='word_1_87' title='bbox 1177 1489 1206 1532; x_wconf 88' lang='lat' dir='ltr'><strong>a.</strong></span> <span class='ocrx_word' id='word_1_88' title='bbox 1230 1467 1322 1556; x_wconf 82' lang='lat'><strong>251.)</strong></span> 
     </span>
     <span class='ocr_line' id='line_1_11' title="bbox 152 1586 1325 1669; baseline -0.007 -11"><span class='ocrx_word' id='word_1_89' title='bbox 152 1592 335 1658; x_wconf 87' lang='lat' dir='ltr'><strong>dialecticus</strong></span> <span class='ocrx_word' id='word_1_90' title='bbox 355 1593 441 1658; x_wconf 85' lang='lat' dir='ltr'><strong>circa</strong></span> <span class='ocrx_word' id='word_1_91' title='bbox 465 1616 494 1657; x_wconf 83' lang='lat' dir='ltr'><strong>n.</strong></span> <span class='ocrx_word' id='word_1_92' title='bbox 516 1594 581 1658; x_wconf 88' lang='lat'><strong>300</strong></span> <span class='ocrx_word' id='word_1_93' title='bbox 610 1594 672 1658; x_wconf 85' lang='lat' dir='ltr'><strong>iem</strong></span> <span class='ocrx_word' id='word_1_94' title='bbox 697 1594 730 1658; x_wconf 92' lang='lat' dir='ltr'><strong>in</strong></span> <span class='ocrx_word' id='word_1_95' title='bbox 753 1592 832 1658; x_wconf 84' lang='lat' dir='ltr'><strong>vivis</strong></span> <span class='ocrx_word' id='word_1_96' title='bbox 855 1613 919 1656; x_wconf 83' lang='lat' dir='ltr'><strong>esse</strong></span> <span class='ocrx_word' id='word_1_97' title='bbox 942 1589 1059 1654; x_wconf 84' lang='lat' dir='ltr'><strong>debuit.</strong></span> <span class='ocrx_word' id='word_1_98' title='bbox 1104 1586 1325 1669; x_wconf 70' lang='grc' dir='ltr'><strong>Ἀριστοτέλης</strong></span> 
     </span>
     <span class='ocr_line' id='line_1_12' title="bbox 152 1704 1326 1794; baseline -0.004 -20"><span class='ocrx_word' id='word_1_99' title='bbox 152 1713 168 1774; x_wconf 74' lang='grc' dir='ltr'><strong>ν’</strong></span> <span class='ocrx_word' id='word_1_100' title='bbox 194 1712 366 1782; x_wconf 70' lang='grc' dir='ltr'><em>Χαλκιδεὺς</em></span> <span class='ocrx_word' id='word_1_101' title='bbox 391 1712 422 1775; x_wconf 87' lang='grc' dir='ltr'><strong>ἕν</strong></span> <span class='ocrx_word' id='word_1_102' title='bbox 444 1712 487 1792; x_wconf 79' lang='grc' dir='ltr'><strong>τῷ</strong></span> <span class='ocrx_word' id='word_1_103' title='bbox 513 1711 581 1793; x_wconf 77' lang='grc' dir='ltr'><strong>περὶ</strong></span> <span class='ocrx_word' id='word_1_104' title='bbox 605 1711 745 1790; x_wconf 79' lang='grc' dir='ltr'><strong><em>Εύβούοοο</em></strong></span> <span class='ocrx_word' id='word_1_105' title='bbox 777 1709 916 1777; x_wconf 89' lang='lat' dir='ltr'><strong>occurrit</strong></span> <span class='ocrx_word' id='word_1_106' title='bbox 936 1705 1022 1794; x_wconf 86' lang='lat' dir='ltr'><strong>ep-ud</strong></span> <span class='ocrx_word' id='word_1_107' title='bbox 1044 1704 1326 1793; x_wconf 83' lang='lat' dir='ltr'><strong>Harpocrationem</strong></span> 
     </span>
     <span class='ocr_line' id='line_1_13' title="bbox 154 1825 1325 1917; baseline -0.001 -26"><span class='ocrx_word' id='word_1_108' title='bbox 154 1851 184 1892; x_wconf 80' lang='grc' dir='ltr'><strong>ν.</strong></span> <span class='ocrx_word' id='word_1_109' title='bbox 200 1829 377 1909; x_wconf 53' lang='lat' dir='ltr'><strong>”lipporum</strong></span> <span class='ocrx_word' id='word_1_110' title='bbox 402 1839 433 1914; x_wconf 84' lang='lat' dir='ltr'><strong>et</strong></span> <span class='ocrx_word' id='word_1_111' title='bbox 451 1830 482 1894; x_wconf 93' lang='lat' dir='ltr'><strong>in</strong></span> <span class='ocrx_word' id='word_1_112' title='bbox 499 1830 603 1896; x_wconf 89' lang='lat' dir='ltr'><strong>Schol.</strong></span> <span class='ocrx_word' id='word_1_113' title='bbox 622 1830 728 1917; x_wconf 90' lang='lat' dir='ltr'><strong>Apoll.</strong></span> <span class='ocrx_word' id='word_1_114' title='bbox 746 1829 847 1896; x_wconf 85' lang='lat' dir='ltr'><strong>Rhod.</strong></span> <span class='ocrx_word' id='word_1_115' title='bbox 860 1831 885 1893; x_wconf 92' lang='grc' dir='ltr'><strong>Ι.</strong></span> <span class='ocrx_word' id='word_1_116' title='bbox 899 1830 975 1894; x_wconf 81' lang='grc'>558.</span> <span class='ocrx_word' id='word_1_117' title='bbox 1001 1827 1054 1917; x_wconf 88' lang='lat' dir='ltr'><strong>(cf.</strong></span> <span class='ocrx_word' id='word_1_118' title='bbox 1070 1826 1157 1894; x_wconf 84' lang='lat' dir='ltr'><strong>lllull.</strong></span> <span class='ocrx_word' id='word_1_119' title='bbox 1170 1828 1204 1892; x_wconf 88' lang='lat' dir='ltr'><strong>F.</strong></span> <span class='ocrx_word' id='word_1_120' title='bbox 1215 1827 1254 1890; x_wconf 88' lang='grc' dir='ltr'><strong>Η.</strong></span> <span class='ocrx_word' id='word_1_121' title='bbox 1267 1825 1325 1891; x_wconf 88' lang='lat' dir='ltr'><strong>Gr.</strong></span> 
     </span>
     <span class='ocr_line' id='line_1_14' title="bbox 155 1944 1326 2035; baseline -0.002 -23"><span class='ocrx_word' id='word_1_122' title='bbox 155 1950 196 2012; x_wconf 90' lang='lat' dir='ltr'><strong>ll.</strong></span> <span class='ocrx_word' id='word_1_123' title='bbox 224 1946 323 2033; x_wconf 62' lang='lat'><strong>142).</strong></span> <span class='ocrx_word' id='word_1_124' title='bbox 370 1948 551 2015; x_wconf 84' lang='lat' dir='ltr'><strong>Aristoteles</strong></span> <span class='ocrx_word' id='word_1_125' title='bbox 580 1949 738 2028; x_wconf 88' lang='lat' dir='ltr'><strong>Rhodius,</strong></span> <span class='ocrx_word' id='word_1_126' title='bbox 763 1951 817 2035; x_wconf 89' lang='lat' dir='ltr'><strong>qui</strong></span> <span class='ocrx_word' id='word_1_127' title='bbox 847 1949 886 2014; x_wconf 88' lang='lat' dir='ltr'><strong>de</strong></span> <span class='ocrx_word' id='word_1_128' title='bbox 909 1947 1135 2015; x_wconf 84' lang='lat' dir='ltr'><strong>Panathenaeis</strong></span> <span class='ocrx_word' id='word_1_129' title='bbox 1158 1957 1189 2012; x_wconf 89' lang='lat' dir='ltr'><strong>et</strong></span> <span class='ocrx_word' id='word_1_130' title='bbox 1211 1944 1326 2012; x_wconf 89' lang='lat' dir='ltr'><strong>Bendi-</strong></span> 
     </span>
    </p>
   </div>
   <div class='ocr_carea' id='block_1_3' title="bbox 154 2067 1326 2278">
    <p class='ocr_par' dir='ltr' id='par_1_3' title="bbox 154 2067 1326 2278">
     <span class='ocr_line' id='line_1_15' title="bbox 154 2067 1146 2158; baseline -0.001 -23"><span class='ocrx_word' id='word_1_131' title='bbox 154 2069 219 2136; x_wconf 88' lang='lat' dir='ltr'><strong>deis</strong></span> <span class='ocrx_word' id='word_1_132' title='bbox 241 2071 365 2157; x_wconf 86' lang='lat' dir='ltr'><strong>scripsit</strong></span> <span class='ocrx_word' id='word_1_133' title='bbox 388 2071 442 2156; x_wconf 86' lang='lat' dir='ltr'><strong>(cf.</strong></span> <span class='ocrx_word' id='word_1_134' title='bbox 462 2072 610 2138; x_wconf 83' lang='lat' dir='ltr'><strong>Proclum</strong></span> <span class='ocrx_word' id='word_1_135' title='bbox 633 2074 665 2138; x_wconf 92' lang='lat' dir='ltr'><strong>in</strong></span> <span class='ocrx_word' id='word_1_136' title='bbox 689 2072 767 2138; x_wconf 85' lang='lat' dir='ltr'><strong>Plet</strong></span> <span class='ocrx_word' id='word_1_137' title='bbox 791 2073 954 2138; x_wconf 87' lang='lat' dir='ltr'><strong>Timaeum</strong></span> <span class='ocrx_word' id='word_1_138' title='bbox 972 2095 1004 2158; x_wconf 91' lang='lat' dir='ltr'><strong>p.</strong></span> <span class='ocrx_word' id='word_1_139' title='bbox 1028 2073 1071 2136; x_wconf 84' lang='grc'><strong>27</strong></span> <span class='ocrx_word' id='word_1_140' title='bbox 1091 2067 1146 2158; x_wconf 80' lang='lat' dir='ltr'><strong>a).</strong></span> 
     </span>
     <span class='ocr_line' id='line_1_16' title="bbox 199 2187 1326 2278; baseline 0 -24"><span class='ocrx_word' id='word_1_141' title='bbox 199 2189 359 2270; x_wconf 75' lang='grc' dir='ltr'><strong><em>πέμπτος,</em></strong></span> <span class='ocrx_word' id='word_1_142' title='bbox 384 2192 397 2255; x_wconf 82' lang='lat' dir='ltr'><strong>i</strong></span> <span class='ocrx_word' id='word_1_143' title='bbox 421 2192 597 2267; x_wconf 71' lang='grc' dir='ltr'><strong><em>εὀονκληύεὶς</em></strong></span> <span class='ocrx_word' id='word_1_144' title='bbox 620 2193 737 2265; x_wconf 78' lang='grc' dir='ltr'><strong>Μῦθος.</strong></span> <span class='ocrx_word' id='word_1_145' title='bbox 775 2193 863 2256; x_wconf 89' lang='lat' dir='ltr'><strong>Hanc</strong></span> <span class='ocrx_word' id='word_1_146' title='bbox 892 2192 993 2278; x_wconf 86' lang='lat' dir='ltr'><strong>ipsarn</strong></span> <span class='ocrx_word' id='word_1_147' title='bbox 1018 2189 1185 2269; x_wconf 75' lang='grc' dir='ltr'><strong><em>ὁμωνύμων</em></strong></span> <span class='ocrx_word' id='word_1_148' title='bbox 1210 2187 1326 2254; x_wconf 86' lang='lat' dir='ltr'><strong>seriem</strong></span> 
     </span>
    </p>
   </div>
   <div class='ocr_carea' id='block_1_4' title="bbox 153 2304 1323 2398">
    <p class='ocr_par' dir='ltr' id='par_1_4' title="bbox 153 2304 1323 2398">
     <span class='ocr_line' id='line_1_17' title="bbox 153 2304 1323 2398; baseline -0.003 -25"><span class='ocrx_word' id='word_1_149' title='bbox 153 2310 307 2397; x_wconf 80' lang='lat' dir='ltr'><strong>Diogenes</strong></span> <span class='ocrx_word' id='word_1_150' title='bbox 328 2311 362 2373; x_wconf 83' lang='lat'><strong>1..</strong></span> <span class='ocrx_word' id='word_1_151' title='bbox 393 2311 486 2374; x_wconf 87' lang='lat' dir='ltr'><strong>tacite</strong></span> <span class='ocrx_word' id='word_1_152' title='bbox 512 2310 689 2376; x_wconf 87' lang='lat' dir='ltr'><strong>exscribens</strong></span> <span class='ocrx_word' id='word_1_153' title='bbox 718 2312 751 2375; x_wconf 90' lang='lat' dir='ltr'><strong>in</strong></span> <span class='ocrx_word' id='word_1_154' title='bbox 781 2311 844 2375; x_wconf 86' lang='lat' dir='ltr'><strong>vita</strong></span> <span class='ocrx_word' id='word_1_155' title='bbox 866 2309 1027 2375; x_wconf 80' lang='lat' dir='ltr'><strong>Aeschinis</strong></span> <span class='ocrx_word' id='word_1_156' title='bbox 1057 2310 1111 2398; x_wconf 89' lang='grc' dir='ltr'>(ΙΙ.</span> <span class='ocrx_word' id='word_1_157' title='bbox 1137 2305 1203 2394; x_wconf 80' lang='grc'><strong>63)</strong></span> <span class='ocrx_word' id='word_1_158' title='bbox 1228 2304 1323 2372; x_wconf 81' lang='lat' dir='ltr'><strong>dixit:</strong></span> 
     </span>
    </p>
   </div>
   <div class='ocr_carea' id='block_1_5' title="bbox 133 2423 1402 4435">
    <p class='ocr_par' dir='ltr' id='par_1_5' title="bbox 153 2423 1326 2512">
     <span class='ocr_line' id='line_1_18' title="bbox 153 2423 1326 2512; baseline -0.003 -20"><span class='ocrx_word' id='word_1_159' title='bbox 153 2429 301 2509; x_wconf 74' lang='grc' dir='ltr'><strong><em>μνύρνμος</em></strong></span> <span class='ocrx_word' id='word_1_160' title='bbox 324 2429 350 2494; x_wconf 78' lang='grc' dir='ltr'><strong>δ’</strong></span> <span class='ocrx_word' id='word_1_161' title='bbox 372 2431 470 2494; x_wconf 75' lang='lat' dir='ltr'><strong>edroi</strong></span> <span class='ocrx_word' id='word_1_162' title='bbox 492 2428 622 2512; x_wconf 69' lang='lat' dir='ltr'><strong>ouem</strong></span> <span class='ocrx_word' id='word_1_163' title='bbox 645 2425 707 2503; x_wconf 76' lang='grc' dir='ltr'><strong>εἷς,</strong></span> <span class='ocrx_word' id='word_1_164' title='bbox 733 2426 951 2511; x_wconf 77' lang='grc' dir='ltr'><strong><em>Ἀρνοοοτὲλης</em></strong></span> <span class='ocrx_word' id='word_1_165' title='bbox 971 2428 985 2492; x_wconf 80' lang='lat' dir='ltr'><strong>i</strong></span> <span class='ocrx_word' id='word_1_166' title='bbox 1009 2429 1114 2499; x_wconf 73' lang='grc' dir='ltr'><strong><em>Μῦθος</em></strong></span> <span class='ocrx_word' id='word_1_167' title='bbox 1135 2423 1326 2500; x_wconf 71' lang='grc' dir='ltr'><strong>ἐπνκλνύεύς.</strong></span> 
     </span>
    </p>

    <p class='ocr_par' dir='ltr' id='par_1_6' title="bbox 133 2543 1402 4435">
     <span class='ocr_line' id='line_1_19' title="bbox 197 2543 1325 2631; baseline -0.001 -21"><span class='ocrx_word' id='word_1_168' title='bbox 197 2543 286 2619; x_wconf 74' lang='grc' dir='ltr'><strong><em>ἕκτος</em></strong></span> <span class='ocrx_word' id='word_1_169' title='bbox 309 2557 474 2628; x_wconf 78' lang='grc' dir='ltr'><strong><em>Κνοννοοῖος</em></strong></span> <span class='ocrx_word' id='word_1_170' title='bbox 499 2550 671 2631; x_wconf 70' lang='grc' dir='ltr'><strong>γεγραφὼς</strong></span> <span class='ocrx_word' id='word_1_171' title='bbox 693 2549 761 2631; x_wconf 74' lang='grc' dir='ltr'><strong>περὶ</strong></span> <span class='ocrx_word' id='word_1_172' title='bbox 787 2556 958 2623; x_wconf 73' lang='grc' dir='ltr'><strong>ποιητικῆς.</strong></span> <span class='ocrx_word' id='word_1_173' title='bbox 993 2547 1152 2614; x_wconf 80' lang='lat' dir='ltr'><strong>Fabricius</strong></span> <span class='ocrx_word' id='word_1_174' title='bbox 1163 2547 1199 2610; x_wconf 91' lang='grc' dir='ltr'><strong>Β.</strong></span> <span class='ocrx_word' id='word_1_175' title='bbox 1211 2545 1268 2611; x_wconf 88' lang='lat' dir='ltr'><strong>Gr.</strong></span> <span class='ocrx_word' id='word_1_176' title='bbox 1281 2547 1325 2609; x_wconf 94' lang='lat' dir='ltr'><strong>ll.</strong></span> 
     </span>
     <span class='ocr_line' id='line_1_20' title="bbox 155 2663 1324 2752; baseline -0.001 -22"><span class='ocrx_word' id='word_1_177' title='bbox 155 2667 231 2730; x_wconf 86' lang='grc'><strong>817.</strong></span> <span class='ocrx_word' id='word_1_178' title='bbox 254 2663 303 2730; x_wconf 88' lang='lat' dir='ltr'><strong>ed.</strong></span> <span class='ocrx_word' id='word_1_179' title='bbox 331 2673 373 2729; x_wconf 71' lang='grc' dir='ltr'><strong>1Ιο</strong></span> <span class='ocrx_word' id='word_1_180' title='bbox 393 2667 471 2732; x_wconf 81' lang='lat' dir='ltr'><strong>haec</strong></span> <span class='ocrx_word' id='word_1_181' title='bbox 492 2667 589 2732; x_wconf 85' lang='lat' dir='ltr'><strong>verba</strong></span> <span class='ocrx_word' id='word_1_182' title='bbox 612 2668 746 2732; x_wconf 87' lang='lat' dir='ltr'><strong>afferens</strong></span> <span class='ocrx_word' id='word_1_183' title='bbox 769 2669 825 2746; x_wconf 85' lang='lat' dir='ltr'><strong>nit,</strong></span> <span class='ocrx_word' id='word_1_184' title='bbox 848 2667 1047 2734; x_wconf 80' lang='lat' dir='ltr'><strong>Aristotelem</strong></span> <span class='ocrx_word' id='word_1_185' title='bbox 1071 2666 1164 2734; x_wconf 88' lang='lat' dir='ltr'><strong>fuisse</strong></span> <span class='ocrx_word' id='word_1_186' title='bbox 1186 2664 1324 2752; x_wconf 91' lang='lat' dir='ltr'><strong>philoso-</strong></span> 
     </span>
     <span class='ocr_line' id='line_1_21' title="bbox 153 2782 1324 2874; baseline 0 -24"><span class='ocrx_word' id='word_1_187' title='bbox 153 2782 252 2872; x_wconf 92' lang='lat' dir='ltr'><strong>phum</strong></span> <span class='ocrx_word' id='word_1_188' title='bbox 264 2786 491 2872; x_wconf 77' lang='lat' dir='ltr'><strong>Cyrenaicum,</strong></span> <span class='ocrx_word' id='word_1_189' title='bbox 516 2787 571 2873; x_wconf 93' lang='lat' dir='ltr'><strong>qui</strong></span> <span class='ocrx_word' id='word_1_190' title='bbox 594 2786 632 2852; x_wconf 89' lang='lat' dir='ltr'><strong>de</strong></span> <span class='ocrx_word' id='word_1_191' title='bbox 654 2788 775 2874; x_wconf 85' lang='lat' dir='ltr'><strong>poetica</strong></span> <span class='ocrx_word' id='word_1_192' title='bbox 797 2788 927 2874; x_wconf 90' lang='lat' dir='ltr'><strong>scripsit.</strong></span> <span class='ocrx_word' id='word_1_193' title='bbox 951 2787 1012 2852; x_wconf 89' lang='lat' dir='ltr'><strong>Sed</strong></span> <span class='ocrx_word' id='word_1_194' title='bbox 1033 2809 1106 2853; x_wconf 89' lang='lat' dir='ltr'><strong>enm</strong></span> <span class='ocrx_word' id='word_1_195' title='bbox 1129 2809 1147 2854; x_wconf 91' lang='lat' dir='ltr'><strong>e</strong></span> <span class='ocrx_word' id='word_1_196' title='bbox 1168 2786 1324 2872; x_wconf 83' lang='lat' dir='ltr'><strong>Cyrenai-</strong></span> 
     </span>
     <span class='ocr_line' id='line_1_22' title="bbox 153 2905 1324 2993; baseline 0 -23"><span class='ocrx_word' id='word_1_197' title='bbox 153 2906 197 2971; x_wconf 89' lang='lat' dir='ltr'><strong>cis</strong></span> <span class='ocrx_word' id='word_1_198' title='bbox 220 2905 314 2970; x_wconf 82' lang='lat' dir='ltr'><strong>fuisse</strong></span> <span class='ocrx_word' id='word_1_199' title='bbox 336 2917 403 2971; x_wconf 85' lang='lat' dir='ltr'><strong>tum</strong></span> <span class='ocrx_word' id='word_1_200' title='bbox 430 2905 557 2972; x_wconf 87' lang='lat' dir='ltr'><strong>demum</strong></span> <span class='ocrx_word' id='word_1_201' title='bbox 582 2931 621 2971; x_wconf 85' lang='lat' dir='ltr'><strong>ex</strong></span> <span class='ocrx_word' id='word_1_202' title='bbox 644 2907 793 2972; x_wconf 88' lang='lat' dir='ltr'><strong>Demetrii</strong></span> <span class='ocrx_word' id='word_1_203' title='bbox 816 2907 918 2972; x_wconf 88' lang='lat' dir='ltr'><strong>verbis</strong></span> <span class='ocrx_word' id='word_1_204' title='bbox 941 2906 1022 2973; x_wconf 86' lang='lat' dir='ltr'><strong>effici</strong></span> <span class='ocrx_word' id='word_1_205' title='bbox 1044 2915 1163 2993; x_wconf 85' lang='lat' dir='ltr'><strong>posset,</strong></span> <span class='ocrx_word' id='word_1_206' title='bbox 1193 2905 1324 2970; x_wconf 82' lang='lat' dir='ltr'><strong>siseri-</strong></span> 
     </span>
     <span class='ocr_line' id='line_1_23' title="bbox 152 3024 1324 3112; baseline -0.001 -22"><span class='ocrx_word' id='word_1_207' title='bbox 152 3035 243 3112; x_wconf 89' lang='lat' dir='ltr'><strong>ptum</strong></span> <span class='ocrx_word' id='word_1_208' title='bbox 266 3024 374 3090; x_wconf 84' lang='lat' dir='ltr'><strong>fuisset</strong></span> <span class='ocrx_word' id='word_1_209' title='bbox 395 3025 592 3107; x_wconf 72' lang='grc' dir='ltr'><strong>Κνρηνοιϊκύς.</strong></span> <span class='ocrx_word' id='word_1_210' title='bbox 628 3027 769 3092; x_wconf 79' lang='lat' dir='ltr'><strong>Fabricio</strong></span> <span class='ocrx_word' id='word_1_211' title='bbox 791 3025 968 3092; x_wconf 86' lang='lat' dir='ltr'><strong>laudandus</strong></span> <span class='ocrx_word' id='word_1_212' title='bbox 989 3027 1098 3092; x_wconf 82' lang='lat' dir='ltr'><strong>fuisset</strong></span> <span class='ocrx_word' id='word_1_213' title='bbox 1119 3026 1274 3112; x_wconf 84' lang='lat' dir='ltr'><strong>Diogenes</strong></span> <span class='ocrx_word' id='word_1_214' title='bbox 1289 3025 1324 3089; x_wconf 88' lang='lat' dir='ltr'><strong>L.</strong></span> 
     </span>
     <span class='ocr_line' id='line_1_24' title="bbox 153 3143 1324 3235; baseline -0.002 -23"><span class='ocrx_word' id='word_1_215' title='bbox 153 3145 194 3212; x_wconf 91' lang='lat' dir='ltr'><strong>ll.</strong></span> <span class='ocrx_word' id='word_1_216' title='bbox 221 3149 301 3223; x_wconf 87' lang='grc'><strong>113,</strong></span> <span class='ocrx_word' id='word_1_217' title='bbox 327 3145 381 3210; x_wconf 90' lang='lat' dir='ltr'><strong>ubi</strong></span> <span class='ocrx_word' id='word_1_218' title='bbox 401 3145 503 3232; x_wconf 85' lang='lat' dir='ltr'><strong>Stilpo</strong></span> <span class='ocrx_word' id='word_1_219' title='bbox 520 3148 695 3235; x_wconf 82' lang='lat' dir='ltr'><strong>Megaricus</strong></span> <span class='ocrx_word' id='word_1_220' title='bbox 716 3145 908 3211; x_wconf 82' lang='lat' dir='ltr'><strong>Clitarchum</strong></span> <span class='ocrx_word' id='word_1_221' title='bbox 931 3156 963 3212; x_wconf 89' lang='lat' dir='ltr'><strong>et</strong></span> <span class='ocrx_word' id='word_1_222' title='bbox 985 3146 1115 3212; x_wconf 89' lang='lat' dir='ltr'><strong>Dineam</strong></span> <span class='ocrx_word' id='word_1_223' title='bbox 1137 3143 1178 3210; x_wconf 81' lang='lat' dir='ltr'><strong>ab</strong></span> <span class='ocrx_word' id='word_1_224' title='bbox 1199 3144 1324 3210; x_wconf 86' lang='lat' dir='ltr'><strong>Aristo-</strong></span> 
     </span>
     <span class='ocr_line' id='line_1_25' title="bbox 153 3263 1323 3353; baseline 0.001 -24"><span class='ocrx_word' id='word_1_225' title='bbox 153 3263 215 3330; x_wconf 88' lang='lat' dir='ltr'><strong>tele</strong></span> <span class='ocrx_word' id='word_1_226' title='bbox 237 3266 411 3352; x_wconf 71' lang='lat' dir='ltr'><strong>Cyrenaico</strong></span> <span class='ocrx_word' id='word_1_227' title='bbox 433 3266 581 3331; x_wconf 81' lang='lat' dir='ltr'><strong>evulsisse</strong></span> <span class='ocrx_word' id='word_1_228' title='bbox 604 3265 731 3347; x_wconf 80' lang='lat' dir='ltr'><strong>dicitm3</strong></span> <span class='ocrx_word' id='word_1_229' title='bbox 757 3277 920 3353; x_wconf 81' lang='lat' dir='ltr'><strong>praeterea</strong></span> <span class='ocrx_word' id='word_1_230' title='bbox 942 3264 982 3330; x_wconf 84' lang='lat' dir='ltr'><strong>ad</strong></span> <span class='ocrx_word' id='word_1_231' title='bbox 1004 3263 1202 3332; x_wconf 84' lang='lat' dir='ltr'><strong>Aristotelem</strong></span> <span class='ocrx_word' id='word_1_232' title='bbox 1226 3263 1323 3350; x_wconf 82' lang='lat' dir='ltr'><strong>Gyre-</strong></span> 
     </span>
     <span class='ocr_line' id='line_1_26' title="bbox 152 3383 1323 3461; baseline -0.003 -13"><span class='ocrx_word' id='word_1_233' title='bbox 152 3395 280 3449; x_wconf 71' lang='lat' dir='ltr'><strong>natcum</strong></span> <span class='ocrx_word' id='word_1_234' title='bbox 305 3383 436 3450; x_wconf 77' lang='lat' dir='ltr'><strong>trahunt</strong></span> <span class='ocrx_word' id='word_1_235' title='bbox 454 3385 622 3452; x_wconf 79' lang='lat' dir='ltr'><strong>Aelianum</strong></span> <span class='ocrx_word' id='word_1_236' title='bbox 640 3388 679 3455; x_wconf 85' lang='lat' dir='ltr'><strong>V.</strong></span> <span class='ocrx_word' id='word_1_237' title='bbox 691 3389 730 3452; x_wconf 92' lang='grc' dir='ltr'><strong>Η.</strong></span> <span class='ocrx_word' id='word_1_238' title='bbox 746 3389 785 3451; x_wconf 83' lang='grc' dir='ltr'><strong>Χ.</strong></span> <span class='ocrx_word' id='word_1_239' title='bbox 800 3389 830 3450; x_wconf 90' lang='grc'><strong>8.</strong></span> <span class='ocrx_word' id='word_1_240' title='bbox 848 3396 879 3451; x_wconf 90' lang='lat' dir='ltr'><strong>et</strong></span> <span class='ocrx_word' id='word_1_241' title='bbox 897 3384 1066 3452; x_wconf 87' lang='lat' dir='ltr'><strong>Stobaeum</strong></span> <span class='ocrx_word' id='word_1_242' title='bbox 1082 3386 1182 3450; x_wconf 87' lang='lat' dir='ltr'><strong>Serm.</strong></span> <span class='ocrx_word' id='word_1_243' title='bbox 1197 3384 1253 3461; x_wconf 84' lang='grc'><strong>63,</strong></span> <span class='ocrx_word' id='word_1_244' title='bbox 1268 3385 1323 3450; x_wconf 80' lang='grc'><strong>32.</strong></span> 
     </span>
     <span class='ocr_line' id='line_1_27' title="bbox 154 3499 1402 3594; baseline 0 -28"><span class='ocrx_word' id='word_1_245' title='bbox 154 3502 194 3567; x_wconf 89' lang='lat' dir='ltr'><strong>lli</strong></span> <span class='ocrx_word' id='word_1_246' title='bbox 214 3499 278 3570; x_wconf 89' lang='lat' dir='ltr'><strong>loci</strong></span> <span class='ocrx_word' id='word_1_247' title='bbox 298 3514 422 3584; x_wconf 81' lang='lat' dir='ltr'><strong>vetant,</strong></span> <span class='ocrx_word' id='word_1_248' title='bbox 451 3507 623 3590; x_wconf 75' lang='lat' dir='ltr'><strong>quominus</strong></span> <span class='ocrx_word' id='word_1_249' title='bbox 652 3529 805 3594; x_wconf 86' lang='lat' dir='ltr'><strong>negemus</strong></span> <span class='ocrx_word' id='word_1_250' title='bbox 833 3505 926 3570; x_wconf 77' lang='lat' dir='ltr'><strong>fuisse</strong></span> <span class='ocrx_word' id='word_1_251' title='bbox 948 3504 1164 3583; x_wconf 85' lang='lat' dir='ltr'><strong>Aristotelem,</strong></span> <span class='ocrx_word' id='word_1_252' title='bbox 1197 3504 1323 3589; x_wconf 59' lang='lat' dir='ltr'><strong>‘Cyrene</strong></span> <span class='ocrx_word' id='word_1_253' title='bbox 1401 3537 1402 3548; x_wconf 76' lang='lat'><strong>.</strong></span> 
     </span>
     <span class='ocr_line' id='line_1_28' title="bbox 153 3621 1324 3713; baseline -0.001 -25"><span class='ocrx_word' id='word_1_254' title='bbox 153 3621 341 3702; x_wconf 85' lang='lat' dir='ltr'><strong>oriundum,</strong></span> <span class='ocrx_word' id='word_1_255' title='bbox 376 3625 432 3712; x_wconf 90' lang='lat' dir='ltr'><strong>qni</strong></span> <span class='ocrx_word' id='word_1_256' title='bbox 461 3624 687 3712; x_wconf 84' lang='lat' dir='ltr'><strong>philosophiam</strong></span> <span class='ocrx_word' id='word_1_257' title='bbox 718 3625 865 3713; x_wconf 85' lang='lat' dir='ltr'><strong>attigerit.</strong></span> <span class='ocrx_word' id='word_1_258' title='bbox 909 3626 978 3690; x_wconf 86' lang='lat' dir='ltr'><strong>lam</strong></span> <span class='ocrx_word' id='word_1_259' title='bbox 1009 3623 1060 3690; x_wconf 87' lang='lat' dir='ltr'><strong>hic</strong></span> <span class='ocrx_word' id='word_1_260' title='bbox 1093 3623 1153 3692; x_wconf 87' lang='lat' dir='ltr'><strong>fuit</strong></span> <span class='ocrx_word' id='word_1_261' title='bbox 1182 3621 1324 3708; x_wconf 88' lang='lat' dir='ltr'><strong>aequalis</strong></span> 
     </span>
     <span class='ocr_line' id='line_1_29' title="bbox 154 3741 1401 3832; baseline 0.001 -27"><span class='ocrx_word' id='word_1_262' title='bbox 154 3741 288 3827; x_wconf 86' lang='lat' dir='ltr'><strong>Stilponi</strong></span> <span class='ocrx_word' id='word_1_263' title='bbox 315 3753 345 3807; x_wconf 89' lang='lat' dir='ltr'><strong>et</strong></span> <span class='ocrx_word' id='word_1_264' title='bbox 374 3743 603 3831; x_wconf 82' lang='lat' dir='ltr'><strong>Theophrast0,</strong></span> <span class='ocrx_word' id='word_1_265' title='bbox 639 3754 750 3832; x_wconf 84' lang='lat' dir='ltr'><strong>atque,</strong></span> <span class='ocrx_word' id='word_1_266' title='bbox 786 3756 821 3810; x_wconf 87' lang='lat' dir='ltr'><strong>nt</strong></span> <span class='ocrx_word' id='word_1_267' title='bbox 849 3745 971 3810; x_wconf 85' lang='lat' dir='ltr'><strong>lonsius</strong></span> <span class='ocrx_word' id='word_1_268' title='bbox 999 3767 1031 3830; x_wconf 88' lang='lat' dir='ltr'><strong>p.</strong></span> <span class='ocrx_word' id='word_1_269' title='bbox 1057 3747 1096 3810; x_wconf 87' lang='grc'><strong>71</strong></span> <span class='ocrx_word' id='word_1_270' title='bbox 1130 3742 1320 3820; x_wconf 86' lang='lat' dir='ltr'><strong>observavit,</strong></span> <span class='ocrx_word' id='word_1_271' title='bbox 1400 3793 1401 3815; x_wconf 68' lang='lat'><strong>,</strong></span> 
     </span>
     <span class='ocr_line' id='line_1_30' title="bbox 154 3858 1323 3948; baseline 0.001 -23"><span class='ocrx_word' id='word_1_272' title='bbox 154 3883 211 3947; x_wconf 88' lang='lat' dir='ltr'><strong>per</strong></span> <span class='ocrx_word' id='word_1_273' title='bbox 241 3872 418 3948; x_wconf 86' lang='lat' dir='ltr'><strong>temporum</strong></span> <span class='ocrx_word' id='word_1_274' title='bbox 448 3866 602 3930; x_wconf 86' lang='lat' dir='ltr'><strong>rationem</strong></span> <span class='ocrx_word' id='word_1_275' title='bbox 633 3865 672 3930; x_wconf 89' lang='lat' dir='ltr'><strong>ad</strong></span> <span class='ocrx_word' id='word_1_276' title='bbox 703 3889 776 3930; x_wconf 91' lang='lat' dir='ltr'><strong>eum</strong></span> <span class='ocrx_word' id='word_1_277' title='bbox 806 3865 878 3930; x_wconf 88' lang='lat' dir='ltr'><strong>licet</strong></span> <span class='ocrx_word' id='word_1_278' title='bbox 907 3863 1027 3930; x_wconf 77' lang='lat' dir='ltr'><strong>referre</strong></span> <span class='ocrx_word' id='word_1_279' title='bbox 1058 3861 1251 3929; x_wconf 84' lang='lat' dir='ltr'><strong>historiolam</strong></span> <span class='ocrx_word' id='word_1_280' title='bbox 1281 3858 1323 3930; x_wconf 85' lang='lat' dir='ltr'><strong>de</strong></span> 
     </span>
     <span class='ocr_line' id='line_1_31' title="bbox 154 3967 1400 4077; baseline -0.001 -33"><span class='ocrx_word' id='word_1_281' title='bbox 154 3979 261 4060; x_wconf 74' lang='lat' dir='ltr'><strong>Laide,</strong></span> <span class='ocrx_word' id='word_1_282' title='bbox 286 4004 381 4068; x_wconf 87' lang='lat' dir='ltr'><strong>quam</strong></span> <span class='ocrx_word' id='word_1_283' title='bbox 404 3981 547 4048; x_wconf 86' lang='lat' dir='ltr'><strong>Clemens</strong></span> <span class='ocrx_word' id='word_1_284' title='bbox 572 3983 662 4048; x_wconf 89' lang='lat' dir='ltr'><strong>Alex.</strong></span> <span class='ocrx_word' id='word_1_285' title='bbox 691 3987 805 4050; x_wconf 86' lang='lat' dir='ltr'><strong>strom.</strong></span> <span class='ocrx_word' id='word_1_286' title='bbox 828 3983 883 4049; x_wconf 94' lang='lat' dir='ltr'><strong>lll.</strong></span> <span class='ocrx_word' id='word_1_287' title='bbox 913 3987 942 4049; x_wconf 81' lang='lat' dir='ltr'><strong>li.</strong></span> <span class='ocrx_word' id='word_1_288' title='bbox 964 3967 1020 4049; x_wconf 77' lang='lat'><strong>551.</strong></span> <span class='ocrx_word' id='word_1_289' title='bbox 1043 4006 1083 4050; x_wconf 86' lang='lat' dir='ltr'><strong>ex</strong></span> <span class='ocrx_word' id='word_1_290' title='bbox 1106 3984 1186 4049; x_wconf 87' lang='lat' dir='ltr'><strong>Istro</strong></span> <span class='ocrx_word' id='word_1_291' title='bbox 1216 3981 1246 4046; x_wconf 84' lang='grc' dir='ltr'><strong>ἕν</strong></span> <span class='ocrx_word' id='word_1_292' title='bbox 1277 3979 1321 4060; x_wconf 76' lang='grc' dir='ltr'><strong>τῷ</strong></span> <span class='ocrx_word' id='word_1_293' title='bbox 1399 4043 1400 4077; x_wconf 74' lang='lat'><strong>,</strong></span> 
     </span>
     <span class='ocr_line' id='line_1_32' title="bbox 133 4100 1322 4189; baseline 0.001 -25"><span class='ocrx_word' id='word_1_294' title='bbox 133 4100 221 4182; x_wconf 71' lang='lat' dir='ltr'><strong>aspi</strong></span> <span class='ocrx_word' id='word_1_295' title='bbox 243 4101 390 4177; x_wconf 76' lang='grc' dir='ltr'><strong><em>ἲδνύτηοος</em></strong></span> <span class='ocrx_word' id='word_1_296' title='bbox 415 4100 516 4168; x_wconf 73' lang='grc' dir='ltr'><strong><em>ἄθλων</em></strong></span> <span class='ocrx_word' id='word_1_297' title='bbox 540 4104 699 4172; x_wconf 86' lang='lat' dir='ltr'><strong>desumsit.</strong></span> <span class='ocrx_word' id='word_1_298' title='bbox 745 4108 853 4189; x_wconf 86' lang='lat' dir='ltr'><strong>Quum</strong></span> <span class='ocrx_word' id='word_1_299' title='bbox 875 4105 1024 4178; x_wconf 78' lang='lat' dir='ltr'><strong>Aelianus</strong></span> <span class='ocrx_word' id='word_1_300' title='bbox 1042 4108 1081 4174; x_wconf 91' lang='lat' dir='ltr'><strong>V.</strong></span> <span class='ocrx_word' id='word_1_301' title='bbox 1094 4106 1136 4172; x_wconf 86' lang='grc' dir='ltr'><strong>Η.</strong></span> <span class='ocrx_word' id='word_1_302' title='bbox 1158 4104 1194 4184; x_wconf 83' lang='grc'><strong>8,</strong></span> <span class='ocrx_word' id='word_1_303' title='bbox 1213 4104 1246 4168; x_wconf 81' lang='grc'><strong>2.</strong></span> <span class='ocrx_word' id='word_1_304' title='bbox 1269 4121 1322 4166; x_wconf 84' lang='lat' dir='ltr'><strong>ea·</strong></span> 
     </span>
     <span class='ocr_line' id='line_1_33' title="bbox 154 4217 1323 4309; baseline 0.004 -26"><span class='ocrx_word' id='word_1_305' title='bbox 154 4217 225 4286; x_wconf 85' lang='lat' dir='ltr'><strong>dem</strong></span> <span class='ocrx_word' id='word_1_306' title='bbox 249 4243 394 4300; x_wconf 79' lang='lat' dir='ltr'><strong>narrans,</strong></span> <span class='ocrx_word' id='word_1_307' title='bbox 419 4245 478 4309; x_wconf 87' lang='lat' dir='ltr'><strong>pro</strong></span> <span class='ocrx_word' id='word_1_308' title='bbox 499 4223 664 4291; x_wconf 86' lang='lat' dir='ltr'><strong>Aristotele</strong></span> <span class='ocrx_word' id='word_1_309' title='bbox 687 4225 780 4291; x_wconf 86' lang='lat' dir='ltr'><strong>habet</strong></span> <span class='ocrx_word' id='word_1_310' title='bbox 801 4223 974 4304; x_wconf 74' lang='grc' dir='ltr'><strong><em>Εύβύτοον,</em></strong></span> <span class='ocrx_word' id='word_1_311' title='bbox 997 4247 1064 4291; x_wconf 89' lang='lat' dir='ltr'><strong>non</strong></span> <span class='ocrx_word' id='word_1_312' title='bbox 1083 4233 1201 4292; x_wconf 84' lang='lat' dir='ltr'><strong>temere</strong></span> <span class='ocrx_word' id='word_1_313' title='bbox 1220 4217 1323 4309; x_wconf 76' lang='lat' dir='ltr'><strong>negli-</strong></span> 
     </span>
     <span class='ocr_line' id='line_1_34' title="bbox 154 4336 1324 4435; baseline 0.003 -33"><span class='ocrx_word' id='word_1_314' title='bbox 154 4336 294 4424; x_wconf 88' lang='lat' dir='ltr'><strong>gendum</strong></span> <span class='ocrx_word' id='word_1_315' title='bbox 320 4345 365 4407; x_wconf 78' lang='lat' dir='ltr'><strong>es‘t</strong></span> <span class='ocrx_word' id='word_1_316' title='bbox 386 4342 458 4408; x_wconf 87' lang='lat' dir='ltr'><strong>Istri</strong></span> <span class='ocrx_word' id='word_1_317' title='bbox 479 4344 707 4429; x_wconf 86' lang='lat' dir='ltr'><strong>testimonium,</strong></span> <span class='ocrx_word' id='word_1_318' title='bbox 732 4369 806 4414; x_wconf 84' lang='lat' dir='ltr'><strong>nem</strong></span> <span class='ocrx_word' id='word_1_319' title='bbox 829 4357 1051 4435; x_wconf 83' lang='lat' dir='ltr'><strong>praeterquam</strong></span> <span class='ocrx_word' id='word_1_320' title='bbox 1070 4343 1155 4432; x_wconf 89' lang='lat' dir='ltr'><strong>qnod</strong></span> <span class='ocrx_word' id='word_1_321' title='bbox 1173 4341 1324 4410; x_wconf 87' lang='lat' dir='ltr'><strong>Aelianus</strong></span> 
     </span>
    </p>
   </div>
   <div class='ocr_carea' id='block_1_6' title="bbox 0 0 1416 4540">
    <p class='ocr_par' dir='ltr' id='par_1_7' title="bbox 0 0 1416 4540">
     <span class='ocr_line' id='line_1_35' title="bbox 0 0 1416 4540; baseline 0 0"><span class='ocrx_word' id='word_1_322' title='bbox 0 0 1416 4540; x_wconf 95' lang='lat' dir='ltr'><strong> </strong></span> 
     </span>
    </p>
   </div>
  </div>
 </body>
</html>
