<?xml version="1.0" encoding="UTF-8"?>
<!DOCTYPE html PUBLIC "-//W3C//DTD XHTML 1.0 Transitional//EN"
    "http://www.w3.org/TR/xhtml1/DTD/xhtml1-transitional.dtd">
<html xmlns="http://www.w3.org/1999/xhtml" xml:lang="en" lang="en">
 <head>
  <title>
</title>
<meta http-equiv="Content-Type" content="text/html;charset=utf-8" />
  <meta name='ocr-system' content='tesseract 3.04.00' />
  <meta name='ocr-capabilities' content='ocr_page ocr_carea ocr_par ocr_line ocrx_word'/>
</head>
<body>
  <div class='ocr_page' id='page_1' title='image "./dedemetriomagne00schegoog_0110.png"; bbox 0 0 2848 4546; ppageno 0'>
   <div class='ocr_carea' id='block_1_1' title="bbox 632 323 673 386">
    <p class='ocr_par' dir='ltr' id='par_1_1' title="bbox 632 323 673 386">
     <span class='ocr_line' id='line_1_1' title="bbox 632 323 673 386; baseline 0 0"><span class='ocrx_word' id='word_1_1' title='bbox 632 323 673 386; x_wconf 91' lang='grc'><strong>99</strong></span> 
     </span>
    </p>
   </div>
   <div class='ocr_carea' id='block_1_2' title="bbox 68 544 1237 635">
    <p class='ocr_par' dir='ltr' id='par_1_2' title="bbox 68 544 1237 635">
     <span class='ocr_line' id='line_1_2' title="bbox 68 544 1237 635; baseline 0.003 -26"><span class='ocrx_word' id='word_1_2' title='bbox 68 567 125 609; x_wconf 84' lang='lat' dir='ltr'><strong>nas</strong></span> <span class='ocrx_word' id='word_1_3' title='bbox 145 544 178 610; x_wconf 85' lang='lat' dir='ltr'><strong>F.</strong></span> <span class='ocrx_word' id='word_1_4' title='bbox 211 546 249 612; x_wconf 89' lang='grc' dir='ltr'><strong>Η.</strong></span> <span class='ocrx_word' id='word_1_5' title='bbox 274 545 330 612; x_wconf 86' lang='lat'><strong>111.</strong></span> <span class='ocrx_word' id='word_1_6' title='bbox 356 567 384 610; x_wconf 88' lang='lat' dir='ltr'><strong>a.</strong></span> <span class='ocrx_word' id='word_1_7' title='bbox 410 547 462 611; x_wconf 84' lang='grc'><strong>78.</strong></span> <span class='ocrx_word' id='word_1_8' title='bbox 487 566 515 608; x_wconf 87' lang='lat' dir='ltr'><strong>a.</strong></span> <span class='ocrx_word' id='word_1_9' title='bbox 539 545 572 609; x_wconf 87' lang='lat' dir='ltr'><strong>G.</strong></span> <span class='ocrx_word' id='word_1_10' title='bbox 596 555 627 610; x_wconf 90' lang='lat' dir='ltr'><strong>et</strong></span> <span class='ocrx_word' id='word_1_11' title='bbox 649 569 680 632; x_wconf 90' lang='lat' dir='ltr'><strong>p.</strong></span> <span class='ocrx_word' id='word_1_12' title='bbox 704 545 770 611; x_wconf 83' lang='lat'><strong>544</strong></span> <span class='ocrx_word' id='word_1_13' title='bbox 797 544 876 635; x_wconf 77' lang='grc'>(565</span> <span class='ocrx_word' id='word_1_14' title='bbox 899 545 947 612; x_wconf 89' lang='lat' dir='ltr'><strong>ed.</strong></span> <span class='ocrx_word' id='word_1_15' title='bbox 973 547 1016 610; x_wconf 70' lang='lat' dir='ltr'><strong>2¹¹e</strong></span> <span class='ocrx_word' id='word_1_16' title='bbox 1040 544 1237 632; x_wconf 80' lang='lat' dir='ltr'><strong>posthumae)</strong></span> 
     </span>
    </p>
   </div>
   <div class='ocr_carea' id='block_1_3' title="bbox 68 665 1240 876">
    <p class='ocr_par' dir='ltr' id='par_1_3' title="bbox 68 665 1240 876">
     <span class='ocr_line' id='line_1_3' title="bbox 68 665 1240 754; baseline 0 -22"><span class='ocrx_word' id='word_1_17' title='bbox 68 688 105 732; x_wconf 86' lang='lat' dir='ltr'><strong>ex</strong></span> <span class='ocrx_word' id='word_1_18' title='bbox 137 666 294 731; x_wconf 81' lang='lat' dir='ltr'>Ciceronis</span> <span class='ocrx_word' id='word_1_19' title='bbox 322 666 423 731; x_wconf 90' lang='lat' dir='ltr'><strong>Bruto</strong></span> <span class='ocrx_word' id='word_1_20' title='bbox 452 689 479 732; x_wconf 90' lang='lat' dir='ltr'><strong>c.</strong></span> <span class='ocrx_word' id='word_1_21' title='bbox 505 665 557 731; x_wconf 87' lang='lat'><strong>91.</strong></span> <span class='ocrx_word' id='word_1_22' title='bbox 582 667 809 754; x_wconf 83' lang='lat' dir='ltr'><strong>Xenophanem</strong></span> <span class='ocrx_word' id='word_1_23' title='bbox 832 665 1096 754; x_wconf 77' lang='lat' dir='ltr'><strong>Adramyttenum</strong></span> <span class='ocrx_word' id='word_1_24' title='bbox 1121 690 1240 733; x_wconf 88' lang='lat' dir='ltr'><strong>memo·</strong></span> 
     </span>
     <span class='ocr_line' id='line_1_4' title="bbox 69 786 1239 876; baseline 0.001 -24"><span class='ocrx_word' id='word_1_25' title='bbox 69 788 135 853; x_wconf 86' lang='lat' dir='ltr'><strong>riae</strong></span> <span class='ocrx_word' id='word_1_26' title='bbox 165 796 222 851; x_wconf 90' lang='lat' dir='ltr'><strong>aut</strong></span> <span class='ocrx_word' id='word_1_27' title='bbox 249 786 362 852; x_wconf 82' lang='lat' dir='ltr'>calami</span> <span class='ocrx_word' id='word_1_28' title='bbox 391 787 481 873; x_wconf 86' lang='lat' dir='ltr'><strong>lapsu</strong></span> <span class='ocrx_word' id='word_1_29' title='bbox 504 787 612 866; x_wconf 88' lang='lat' dir='ltr'><strong>affert,</strong></span> <span class='ocrx_word' id='word_1_30' title='bbox 645 811 720 854; x_wconf 88' lang='lat' dir='ltr'><strong>nam</strong></span> <span class='ocrx_word' id='word_1_31' title='bbox 743 799 851 853; x_wconf 90' lang='lat' dir='ltr'><strong>orator</strong></span> <span class='ocrx_word' id='word_1_32' title='bbox 872 787 1135 876; x_wconf 69' lang='lat' dir='ltr'><strong>Adramytteum,</strong></span> <span class='ocrx_word' id='word_1_33' title='bbox 1160 809 1239 874; x_wconf 89' lang='lat' dir='ltr'><strong>quo·</strong></span> 
     </span>
    </p>
   </div>
   <div class='ocr_carea' id='block_1_4' title="bbox 67 895 1240 1114">
    <p class='ocr_par' dir='ltr' id='par_1_4' title="bbox 67 895 1240 1114">
     <span class='ocr_line' id='line_1_5' title="bbox 68 895 1240 996; baseline 0 -24"><span class='ocrx_word' id='word_1_34' title='bbox 68 929 142 972; x_wconf 88' lang='lat' dir='ltr'><strong>oum</strong></span> <span class='ocrx_word' id='word_1_35' title='bbox 173 905 281 972; x_wconf 86' lang='lat' dir='ltr'><strong>Cicero</strong></span> <span class='ocrx_word' id='word_1_36' title='bbox 303 895 408 972; x_wconf 81' lang='lat' dir='ltr'><strong>Asiam</strong></span> <span class='ocrx_word' id='word_1_37' title='bbox 431 908 612 996; x_wconf 81' lang='lat' dir='ltr'>peragravit</span> <span class='ocrx_word' id='word_1_38' title='bbox 634 931 699 973; x_wconf 91' lang='lat' dir='ltr'><strong>non</strong></span> <span class='ocrx_word' id='word_1_39' title='bbox 721 909 930 996; x_wconf 82' lang='lat' dir='ltr'>Xenophanes</span> <span class='ocrx_word' id='word_1_40' title='bbox 950 931 1061 974; x_wconf 83' lang='lat' dir='ltr'><strong>verum</strong></span> <span class='ocrx_word' id='word_1_41' title='bbox 1085 907 1240 974; x_wconf 82' lang='lat' dir='ltr'>Xenocles</span> 
     </span>
     <span class='ocr_line' id='line_1_6' title="bbox 67 1026 1239 1114; baseline 0.002 -24"><span class='ocrx_word' id='word_1_42' title='bbox 67 1036 152 1105; x_wconf 89' lang='lat' dir='ltr'><strong>orat,</strong></span> <span class='ocrx_word' id='word_1_43' title='bbox 185 1026 451 1114; x_wconf 81' lang='lat' dir='ltr'>quemadmodum</span> <span class='ocrx_word' id='word_1_44' title='bbox 481 1049 590 1092; x_wconf 88' lang='lat' dir='ltr'><strong>omnes</strong></span> <span class='ocrx_word' id='word_1_45' title='bbox 620 1029 715 1094; x_wconf 87' lang='lat' dir='ltr'><strong>Tullii</strong></span> <span class='ocrx_word' id='word_1_46' title='bbox 745 1029 895 1096; x_wconf 81' lang='lat' dir='ltr'><strong>editiones</strong></span> <span class='ocrx_word' id='word_1_47' title='bbox 917 1029 1033 1096; x_wconf 83' lang='lat' dir='ltr'><strong>hubent</strong></span> <span class='ocrx_word' id='word_1_48' title='bbox 1055 1039 1086 1094; x_wconf 93' lang='lat' dir='ltr'><strong>et</strong></span> <span class='ocrx_word' id='word_1_49' title='bbox 1108 1027 1183 1094; x_wconf 84' lang='lat' dir='ltr'><strong>olim</strong></span> <span class='ocrx_word' id='word_1_50' title='bbox 1207 1027 1239 1107; x_wconf 81' lang='lat' dir='ltr'><strong>iu</strong></span> 
     </span>
    </p>
   </div>
   <div class='ocr_carea' id='block_1_5' title="bbox 67 1147 1240 1347">
    <p class='ocr_par' dir='ltr' id='par_1_5' title="bbox 67 1147 1240 1347">
     <span class='ocr_line' id='line_1_7' title="bbox 67 1147 1240 1237; baseline 0 -25"><span class='ocrx_word' id='word_1_51' title='bbox 67 1147 131 1212; x_wconf 86' lang='lat' dir='ltr'><strong>suis</strong></span> <span class='ocrx_word' id='word_1_52' title='bbox 164 1147 322 1214; x_wconf 78' lang='lat' dir='ltr'><strong>Ciceronis</strong></span> <span class='ocrx_word' id='word_1_53' title='bbox 355 1147 442 1214; x_wconf 89' lang='lat' dir='ltr'><strong>libris</strong></span> <span class='ocrx_word' id='word_1_54' title='bbox 472 1149 663 1214; x_wconf 85' lang='lat' dir='ltr'><strong>invenerunt</strong></span> <span class='ocrx_word' id='word_1_55' title='bbox 691 1150 804 1216; x_wconf 88' lang='lat' dir='ltr'><strong>Strabo</strong></span> <span class='ocrx_word' id='word_1_56' title='bbox 834 1173 865 1237; x_wconf 89' lang='lat' dir='ltr'><strong>p.</strong></span> <span class='ocrx_word' id='word_1_57' title='bbox 890 1149 954 1216; x_wconf 87' lang='grc'><strong>660</strong></span> <span class='ocrx_word' id='word_1_58' title='bbox 977 1159 1009 1214; x_wconf 90' lang='lat' dir='ltr'><strong>et</strong></span> <span class='ocrx_word' id='word_1_59' title='bbox 1031 1150 1113 1228; x_wconf 83' lang='lat'><strong>614,</strong></span> <span class='ocrx_word' id='word_1_60' title='bbox 1145 1155 1240 1234; x_wconf 88' lang='lat' dir='ltr'><strong>atque</strong></span> 
     </span>
     <span class='ocr_line' id='line_1_8' title="bbox 68 1265 415 1347; baseline 0.003 -16"><span class='ocrx_word' id='word_1_61' title='bbox 68 1265 272 1347; x_wconf 84' lang='lat' dir='ltr'><strong>Plutarchus,</strong></span> <span class='ocrx_word' id='word_1_62' title='bbox 297 1269 359 1333; x_wconf 83' lang='lat' dir='ltr'><strong>Cic.</strong></span> <span class='ocrx_word' id='word_1_63' title='bbox 384 1269 415 1332; x_wconf 80' lang='lat'><strong>4.</strong></span> 
     </span>
    </p>
   </div>
   <div class='ocr_carea' id='block_1_6' title="bbox 508 1516 817 1576">
    <p class='ocr_par' dir='ltr' id='par_1_6' title="bbox 508 1516 817 1576">
     <span class='ocr_line' id='line_1_9' title="bbox 508 1516 817 1576; baseline -0.006 0"><span class='ocrx_word' id='word_1_64' title='bbox 508 1516 817 1576; x_wconf 79' lang='grc' dir='ltr'>ΞΕΝΟΦΩΝΤΕΣ.</span> 
     </span>
    </p>
   </div>
   <div class='ocr_carea' id='block_1_7' title="bbox 64 1747 1245 4473">
    <p class='ocr_par' dir='ltr' id='par_1_7' title="bbox 64 1747 1242 2428">
     <span class='ocr_line' id='line_1_10' title="bbox 113 1747 1241 1834; baseline 0.003 -23"><span class='ocrx_word' id='word_1_65' title='bbox 113 1747 319 1834; x_wconf 83' lang='lat' dir='ltr'><strong>Diogenes</strong></span> <span class='ocrx_word' id='word_1_66' title='bbox 348 1749 382 1814; x_wconf 89' lang='lat' dir='ltr'><strong>L.</strong></span> <span class='ocrx_word' id='word_1_67' title='bbox 412 1751 451 1813; x_wconf 88' lang='grc' dir='ltr'><strong>ΙΙ.</strong></span> <span class='ocrx_word' id='word_1_68' title='bbox 476 1751 531 1817; x_wconf 82' lang='grc'><strong>59.</strong></span> <span class='ocrx_word' id='word_1_69' title='bbox 566 1747 719 1828; x_wconf 67' lang='grc' dir='ltr'><em>Γεγόνασι</em></span> <span class='ocrx_word' id='word_1_70' title='bbox 740 1749 771 1814; x_wconf 82' lang='grc' dir='ltr'><strong>δὲ</strong></span> <span class='ocrx_word' id='word_1_71' title='bbox 796 1755 987 1832; x_wconf 70' lang='grc' dir='ltr'><em>Ξενοφῶντες</em></span> <span class='ocrx_word' id='word_1_72' title='bbox 1008 1747 1101 1814; x_wconf 83' lang='grc' dir='ltr'><em>ἕπτοί·</em></span> <span class='ocrx_word' id='word_1_73' title='bbox 1125 1753 1241 1830; x_wconf 82' lang='grc' dir='ltr'><em>πρῶτος</em></span> 
     </span>
     <span class='ocr_line' id='line_1_11' title="bbox 67 1861 1241 1950; baseline 0.002 -20"><span class='ocrx_word' id='word_1_74' title='bbox 67 1867 165 1938; x_wconf 76' lang='grc' dir='ltr'><em>αὐτὸς</em></span> <span class='ocrx_word' id='word_1_75' title='bbox 196 1861 295 1939; x_wconf 82' lang='grc' dir='ltr'><em>οὗτος·</em></span> <span class='ocrx_word' id='word_1_76' title='bbox 325 1867 461 1949; x_wconf 82' lang='grc' dir='ltr'><em>δεύτερος</em></span> <span class='ocrx_word' id='word_1_77' title='bbox 481 1870 661 1944; x_wconf 79' lang='grc' dir='ltr'><em>Ἀθηναῖος,</em></span> <span class='ocrx_word' id='word_1_78' title='bbox 692 1869 831 1950; x_wconf 71' lang='grc' dir='ltr'><em>ἀδελφὸς</em></span> <span class='ocrx_word' id='word_1_79' title='bbox 863 1868 1079 1950; x_wconf 68' lang='grc' dir='ltr'><em>Πυθοστράτου</em></span> <span class='ocrx_word' id='word_1_80' title='bbox 1102 1874 1156 1933; x_wconf 91' lang='grc' dir='ltr'><strong>τοῦ</strong></span> <span class='ocrx_word' id='word_1_81' title='bbox 1185 1869 1241 1942; x_wconf 71' lang='grc' dir='ltr'><strong>τὴν</strong></span> 
     </span>
     <span class='ocr_line' id='line_1_12' title="bbox 70 1985 1242 2070; baseline -0.002 -18"><span class='ocrx_word' id='word_1_82' title='bbox 70 1987 217 2063; x_wconf 78' lang='grc' dir='ltr'><em>Θησηΐδα</em></span> <span class='ocrx_word' id='word_1_83' title='bbox 244 1986 464 2064; x_wconf 74' lang='grc' dir='ltr'><strong>πεποιηκότος,</strong></span> <span class='ocrx_word' id='word_1_84' title='bbox 493 1989 665 2070; x_wconf 65' lang='grc' dir='ltr'><em>γεγραφὼς</em></span> <span class='ocrx_word' id='word_1_85' title='bbox 691 1985 780 2052; x_wconf 75' lang='grc' dir='ltr'><em>ἄλλα</em></span> <span class='ocrx_word' id='word_1_86' title='bbox 799 2011 835 2052; x_wconf 88' lang='grc' dir='ltr'><em>τε</em></span> <span class='ocrx_word' id='word_1_87' title='bbox 864 1987 918 2052; x_wconf 81' lang='grc' dir='ltr'><strong>καί</strong></span> <span class='ocrx_word' id='word_1_88' title='bbox 940 1987 1008 2067; x_wconf 81' lang='grc' dir='ltr'><em>βίον</em></span> <span class='ocrx_word' id='word_1_89' title='bbox 1029 1986 1242 2066; x_wconf 81' lang='grc' dir='ltr'><em>Ἐπαμεινών-</em></span> 
     </span>
     <span class='ocr_line' id='line_1_13' title="bbox 64 2105 1241 2204; baseline 0 -34"><span class='ocrx_word' id='word_1_90' title='bbox 64 2105 118 2170; x_wconf 92' lang='grc' dir='ltr'><strong>δου</strong></span> <span class='ocrx_word' id='word_1_91' title='bbox 142 2109 194 2168; x_wconf 75' lang='grc' dir='ltr'><strong>καὶ</strong></span> <span class='ocrx_word' id='word_1_92' title='bbox 219 2105 404 2171; x_wconf 84' lang='grc' dir='ltr'><em>Πελοπίδου·</em></span> <span class='ocrx_word' id='word_1_93' title='bbox 432 2106 533 2184; x_wconf 86' lang='grc' dir='ltr'><em>τρίτος</em></span> <span class='ocrx_word' id='word_1_94' title='bbox 559 2107 661 2204; x_wconf 79' lang='grc' dir='ltr'><em>ἰατρὸς</em></span> <span class='ocrx_word' id='word_1_95' title='bbox 684 2107 777 2188; x_wconf 79' lang='grc' dir='ltr'><em>Κῷος·</em></span> <span class='ocrx_word' id='word_1_96' title='bbox 804 2108 961 2188; x_wconf 83' lang='grc' dir='ltr'><em>τέταρτος·</em></span> <span class='ocrx_word' id='word_1_97' title='bbox 979 2106 1115 2189; x_wconf 84' lang='grc' dir='ltr'><em>ἱστορίαν</em></span> <span class='ocrx_word' id='word_1_98' title='bbox 1141 2109 1241 2171; x_wconf 80' lang='grc' dir='ltr'><em>Ἀννι·</em></span> 
     </span>
     <span class='ocr_line' id='line_1_14' title="bbox 66 2224 1241 2309; baseline 0.002 -21"><span class='ocrx_word' id='word_1_99' title='bbox 66 2224 187 2302; x_wconf 74' lang='grc' dir='ltr'><em>βαίκην</em></span> <span class='ocrx_word' id='word_1_100' title='bbox 205 2227 392 2306; x_wconf 73' lang='grc' dir='ltr'><em>γεγραφώς·</em></span> <span class='ocrx_word' id='word_1_101' title='bbox 414 2225 559 2304; x_wconf 79' lang='grc' dir='ltr'><em>πέμπτος</em></span> <span class='ocrx_word' id='word_1_102' title='bbox 582 2227 701 2304; x_wconf 77' lang='grc' dir='ltr'><em>μυθώδη</em></span> <span class='ocrx_word' id='word_1_103' title='bbox 718 2225 881 2308; x_wconf 89' lang='grc' dir='ltr'><em>τερατείαν</em></span> <span class='ocrx_word' id='word_1_104' title='bbox 900 2225 1241 2309; x_wconf 69' lang='grc' dir='ltr'><em>πεπραγματευμένος·</em></span> 
     </span>
     <span class='ocr_line' id='line_1_15' title="bbox 66 2341 1241 2428; baseline 0.004 -21"><span class='ocrx_word' id='word_1_105' title='bbox 66 2341 157 2416; x_wconf 80' lang='grc' dir='ltr'><em>ἕκτος</em></span> <span class='ocrx_word' id='word_1_106' title='bbox 181 2343 294 2426; x_wconf 85' lang='grc' dir='ltr'><em>Ποίριος</em></span> <span class='ocrx_word' id='word_1_107' title='bbox 316 2345 592 2424; x_wconf 79' lang='grc' dir='ltr'><em>οίναλματοποιίς·</em></span> <span class='ocrx_word' id='word_1_108' title='bbox 611 2344 742 2425; x_wconf 76' lang='grc' dir='ltr'><em>ἕβδομος</em></span> <span class='ocrx_word' id='word_1_109' title='bbox 761 2347 921 2425; x_wconf 79' lang='grc' dir='ltr'><em>κωμῳδίας</em></span> <span class='ocrx_word' id='word_1_110' title='bbox 939 2347 1080 2428; x_wconf 78' lang='grc' dir='ltr'><em>οίρχαίας</em></span> <span class='ocrx_word' id='word_1_111' title='bbox 1101 2346 1241 2422; x_wconf 74' lang='grc' dir='ltr'><em>ποιητής.</em></span> 
     </span>
    </p>

    <p class='ocr_par' dir='ltr' id='par_1_8' title="bbox 65 2460 1241 3144">
     <span class='ocr_line' id='line_1_16' title="bbox 113 2460 1241 2553; baseline 0.001 -25"><span class='ocrx_word' id='word_1_112' title='bbox 113 2469 249 2543; x_wconf 81' lang='grc' dir='ltr'><em>πρῶτος,</em></span> <span class='ocrx_word' id='word_1_113' title='bbox 281 2465 377 2537; x_wconf 81' lang='grc' dir='ltr'><em>αὐτὸς</em></span> <span class='ocrx_word' id='word_1_114' title='bbox 409 2460 507 2537; x_wconf 76' lang='grc' dir='ltr'><em>οὗτος·</em></span> <span class='ocrx_word' id='word_1_115' title='bbox 542 2466 586 2530; x_wconf 89' lang='grc' dir='ltr'><strong>α’.</strong></span> <span class='ocrx_word' id='word_1_116' title='bbox 622 2467 820 2553; x_wconf 84' lang='lat' dir='ltr'><strong>Diogenes</strong></span> <span class='ocrx_word' id='word_1_117' title='bbox 848 2467 881 2532; x_wconf 92' lang='lat' dir='ltr'><strong>L.</strong></span> <span class='ocrx_word' id='word_1_118' title='bbox 909 2467 950 2530; x_wconf 91' lang='grc' dir='ltr'><strong>ΙΙ.</strong></span> <span class='ocrx_word' id='word_1_119' title='bbox 976 2468 1028 2530; x_wconf 79' lang='grc'><strong>52.</strong></span> <span class='ocrx_word' id='word_1_120' title='bbox 1080 2467 1241 2531; x_wconf 75' lang='grc' dir='ltr'><em>Ἐντεῦθεν</em></span> 
     </span>
     <span class='ocr_line' id='line_1_17' title="bbox 70 2579 1241 2670; baseline 0.001 -24"><span class='ocrx_word' id='word_1_121' title='bbox 70 2582 122 2670; x_wconf 87' lang='lat' dir='ltr'><strong>(ex</strong></span> <span class='ocrx_word' id='word_1_122' title='bbox 145 2581 284 2670; x_wconf 85' lang='lat' dir='ltr'><strong>Boeotia)</strong></span> <span class='ocrx_word' id='word_1_123' title='bbox 312 2583 410 2657; x_wconf 86' lang='grc' dir='ltr'><em>εὀίσας</em></span> <span class='ocrx_word' id='word_1_124' title='bbox 436 2584 488 2649; x_wconf 83' lang='grc' dir='ltr'><strong>τδν</strong></span> <span class='ocrx_word' id='word_1_125' title='bbox 511 2583 703 2661; x_wconf 76' lang='grc' dir='ltr'><em>Ἀγησίλαον</em></span> <span class='ocrx_word' id='word_1_126' title='bbox 731 2579 801 2658; x_wconf 77' lang='grc' dir='ltr'><em>ἧκεν</em></span> <span class='ocrx_word' id='word_1_127' title='bbox 825 2586 867 2656; x_wconf 88' lang='grc' dir='ltr'><strong>είς</strong></span> <span class='ocrx_word' id='word_1_128' title='bbox 892 2591 1108 2662; x_wconf 74' lang='grc' dir='ltr'><em>Σκιλλοῦντα,</em></span> <span class='ocrx_word' id='word_1_129' title='bbox 1131 2583 1241 2665; x_wconf 81' lang='grc' dir='ltr'><em>χωρίον</em></span> 
     </span>
     <span class='ocr_line' id='line_1_18' title="bbox 65 2701 1240 2785; baseline 0.002 -19"><span class='ocrx_word' id='word_1_130' title='bbox 65 2709 122 2776; x_wconf 75' lang='grc' dir='ltr'><em>τῆς</em></span> <span class='ocrx_word' id='word_1_131' title='bbox 142 2701 270 2775; x_wconf 88' lang='grc' dir='ltr'><em>Ἠλείας</em></span> <span class='ocrx_word' id='word_1_132' title='bbox 289 2703 394 2780; x_wconf 73' lang='grc' dir='ltr'><em>ὀλίγον</em></span> <span class='ocrx_word' id='word_1_133' title='bbox 407 2711 463 2776; x_wconf 74' lang='grc' dir='ltr'><em>τῆς</em></span> <span class='ocrx_word' id='word_1_134' title='bbox 477 2701 596 2776; x_wconf 75' lang='grc' dir='ltr'><em>πόλεως</em></span> <span class='ocrx_word' id='word_1_135' title='bbox 618 2703 752 2784; x_wconf 78' lang='grc' dir='ltr'><em>οέτὲχον·</em></span> <span class='ocrx_word' id='word_1_136' title='bbox 774 2703 876 2770; x_wconf 83' lang='grc' dir='ltr'><em>είπετο</em></span> <span class='ocrx_word' id='word_1_137' title='bbox 895 2705 921 2769; x_wconf 89' lang='grc' dir='ltr'><strong>δ’</strong></span> <span class='ocrx_word' id='word_1_138' title='bbox 943 2705 1026 2785; x_wconf 77' lang='grc' dir='ltr'><em>αὐτῷ</em></span> <span class='ocrx_word' id='word_1_139' title='bbox 1046 2703 1099 2768; x_wconf 78' lang='grc' dir='ltr'><strong>καί</strong></span> <span class='ocrx_word' id='word_1_140' title='bbox 1114 2703 1240 2782; x_wconf 76' lang='grc' dir='ltr'><em>γύναιον</em></span> 
     </span>
     <span class='ocr_line' id='line_1_19' title="bbox 65 2820 1239 2904; baseline 0.002 -19"><span class='ocrx_word' id='word_1_141' title='bbox 65 2820 164 2902; x_wconf 80' lang='grc' dir='ltr'><em>ὄνομα</em></span> <span class='ocrx_word' id='word_1_142' title='bbox 190 2822 341 2898; x_wconf 88' lang='grc' dir='ltr'><em>Φιλησία,</em></span> <span class='ocrx_word' id='word_1_143' title='bbox 365 2821 447 2886; x_wconf 75' lang='lat' dir='ltr'><strong>sadai</strong></span> <span class='ocrx_word' id='word_1_144' title='bbox 471 2828 550 2904; x_wconf 83' lang='grc' dir='ltr'><em>φησι</em></span> <span class='ocrx_word' id='word_1_145' title='bbox 578 2825 753 2904; x_wconf 74' lang='grc' dir='ltr'><em>Δημήτριος</em></span> <span class='ocrx_word' id='word_1_146' title='bbox 780 2823 794 2886; x_wconf 85' lang='grc' dir='ltr'><em>ῦ</em></span> <span class='ocrx_word' id='word_1_147' title='bbox 819 2821 974 2901; x_wconf 76' lang='grc' dir='ltr'><em>Μοίννης,</em></span> <span class='ocrx_word' id='word_1_148' title='bbox 1003 2823 1054 2888; x_wconf 78' lang='grc' dir='ltr'><strong>καί</strong></span> <span class='ocrx_word' id='word_1_149' title='bbox 1084 2821 1134 2888; x_wconf 84' lang='grc' dir='ltr'><em>διίο</em></span> <span class='ocrx_word' id='word_1_150' title='bbox 1164 2823 1239 2896; x_wconf 81' lang='grc' dir='ltr'><em>υἱεῖς</em></span> 
     </span>
     <span class='ocr_line' id='line_1_20' title="bbox 66 2939 1239 3026; baseline 0.001 -21"><span class='ocrx_word' id='word_1_151' title='bbox 66 2942 204 3021; x_wconf 82' lang='grc' dir='ltr'><em>Γρύλλος</em></span> <span class='ocrx_word' id='word_1_152' title='bbox 227 2942 279 3006; x_wconf 82' lang='grc' dir='ltr'><strong>καί</strong></span> <span class='ocrx_word' id='word_1_153' title='bbox 305 2941 467 3026; x_wconf 79' lang='grc' dir='ltr'><em>Διόδωρος,</em></span> <span class='ocrx_word' id='word_1_154' title='bbox 494 2939 531 3014; x_wconf 76' lang='grc' dir='ltr'><em>τίς</em></span> <span class='ocrx_word' id='word_1_155' title='bbox 552 2947 631 3024; x_wconf 79' lang='grc' dir='ltr'><em>φησι</em></span> <span class='ocrx_word' id='word_1_156' title='bbox 655 2943 828 3022; x_wconf 73' lang='grc' dir='ltr'><em>Δείναρχος</em></span> <span class='ocrx_word' id='word_1_157' title='bbox 848 2944 878 3006; x_wconf 87' lang='grc' dir='ltr'><strong>ἐν</strong></span> <span class='ocrx_word' id='word_1_158' title='bbox 901 2943 943 3024; x_wconf 76' lang='grc' dir='ltr'><strong>τῷ</strong></span> <span class='ocrx_word' id='word_1_159' title='bbox 965 2943 1038 3023; x_wconf 75' lang='grc' dir='ltr'><em>πρὸς</em></span> <span class='ocrx_word' id='word_1_160' title='bbox 1056 2946 1239 3022; x_wconf 79' lang='grc' dir='ltr'><em>Ξενοφῶντα</em></span> 
     </span>
     <span class='ocr_line' id='line_1_21' title="bbox 65 3057 856 3144; baseline 0.004 -21"><span class='ocrx_word' id='word_1_161' title='bbox 65 3061 281 3144; x_wconf 80' lang='grc' dir='ltr'><em>οίποστασιόυ,</em></span> <span class='ocrx_word' id='word_1_162' title='bbox 304 3057 331 3124; x_wconf 82' lang='grc' dir='ltr'><strong>οἳ</strong></span> <span class='ocrx_word' id='word_1_163' title='bbox 355 3061 407 3126; x_wconf 80' lang='grc' dir='ltr'><strong>καί</strong></span> <span class='ocrx_word' id='word_1_164' title='bbox 435 3061 610 3142; x_wconf 81' lang='grc' dir='ltr'><em>Διίσαουροι</em></span> <span class='ocrx_word' id='word_1_165' title='bbox 636 3063 856 3126; x_wconf 81' lang='grc' dir='ltr'><em>ἐπεκαλοῦντο.</em></span> 
     </span>
    </p>

    <p class='ocr_par' dir='ltr' id='par_1_9' title="bbox 66 3179 1245 4473">
     <span class='ocr_line' id='line_1_22' title="bbox 110 3179 1237 3269; baseline 0.001 -27"><span class='ocrx_word' id='word_1_166' title='bbox 110 3181 261 3245; x_wconf 85' lang='lat' dir='ltr'><strong>Dubitare</strong></span> <span class='ocrx_word' id='word_1_167' title='bbox 284 3204 349 3246; x_wconf 91' lang='lat' dir='ltr'><strong>non</strong></span> <span class='ocrx_word' id='word_1_168' title='bbox 371 3181 502 3246; x_wconf 84' lang='lat' dir='ltr'><strong>debebat</strong></span> <span class='ocrx_word' id='word_1_169' title='bbox 523 3183 691 3269; x_wconf 77' lang='lat' dir='ltr'><strong>Krttg&#39;erus</strong></span> <span class='ocrx_word' id='word_1_170' title='bbox 707 3182 758 3269; x_wconf 91' lang='lat' dir='ltr'><strong>(de</strong></span> <span class='ocrx_word' id='word_1_171' title='bbox 782 3183 844 3248; x_wconf 82' lang='lat' dir='ltr'><strong>vita</strong></span> <span class='ocrx_word' id='word_1_172' title='bbox 866 3181 1010 3268; x_wconf 89' lang='lat' dir='ltr'><strong>Xenoph.</strong></span> <span class='ocrx_word' id='word_1_173' title='bbox 1028 3205 1059 3269; x_wconf 92' lang='lat' dir='ltr'><strong>p.</strong></span> <span class='ocrx_word' id='word_1_174' title='bbox 1081 3181 1133 3268; x_wconf 90' lang='lat'><strong>18)</strong></span> <span class='ocrx_word' id='word_1_175' title='bbox 1161 3179 1237 3266; x_wconf 90' lang='lat' dir='ltr'><strong>quin</strong></span> 
     </span>
     <span class='ocr_line' id='line_1_23' title="bbox 66 3280 1240 3391; baseline -0.001 -27"><span class='ocrx_word' id='word_1_176' title='bbox 66 3299 242 3386; x_wconf 88' lang='lat' dir='ltr'><strong>Xenophon</strong></span> <span class='ocrx_word' id='word_1_177' title='bbox 266 3280 304 3365; x_wconf 89' lang='lat' dir='ltr'><strong>eo</strong></span> <span class='ocrx_word' id='word_1_178' title='bbox 327 3313 468 3387; x_wconf 84' lang='lat' dir='ltr'><strong>ternpore</strong></span> <span class='ocrx_word' id='word_1_179' title='bbox 493 3303 581 3391; x_wconf 86' lang='grc'>(399.</span> <span class='ocrx_word' id='word_1_180' title='bbox 606 3325 633 3366; x_wconf 88' lang='lat' dir='ltr'><strong>a.</strong></span> <span class='ocrx_word' id='word_1_181' title='bbox 657 3303 723 3389; x_wconf 69' lang='lat' dir='ltr'><strong>(h),</strong></span> <span class='ocrx_word' id='word_1_182' title='bbox 756 3325 819 3387; x_wconf 88' lang='lat' dir='ltr'><strong>quo</strong></span> <span class='ocrx_word' id='word_1_183' title='bbox 843 3325 915 3366; x_wconf 87' lang='lat' dir='ltr'><strong>cum</strong></span> <span class='ocrx_word' id='word_1_184' title='bbox 940 3301 1056 3366; x_wconf 89' lang='lat' dir='ltr'><strong>Seuthe</strong></span> <span class='ocrx_word' id='word_1_185' title='bbox 1079 3299 1240 3385; x_wconf 87' lang='lat' dir='ltr'><strong>colloque-</strong></span> 
     </span>
     <span class='ocr_line' id='line_1_24' title="bbox 66 3419 1238 3506; baseline 0.001 -23"><span class='ocrx_word' id='word_1_186' title='bbox 66 3419 177 3498; x_wconf 86' lang='lat' dir='ltr'><strong>batur,</strong></span> <span class='ocrx_word' id='word_1_187' title='bbox 209 3421 352 3486; x_wconf 89' lang='lat' dir='ltr'><strong>nondum</strong></span> <span class='ocrx_word' id='word_1_188' title='bbox 375 3422 470 3487; x_wconf 89' lang='lat' dir='ltr'><strong>libros</strong></span> <span class='ocrx_word' id='word_1_189' title='bbox 492 3421 653 3502; x_wconf 64' lang='lat' dir='ltr'><strong>habuerim</strong></span> <span class='ocrx_word' id='word_1_190' title='bbox 679 3421 734 3486; x_wconf 90' lang='lat' dir='ltr'><strong>hos</strong></span> <span class='ocrx_word' id='word_1_191' title='bbox 758 3423 813 3486; x_wconf 89' lang='lat' dir='ltr'><strong>sibi</strong></span> <span class='ocrx_word' id='word_1_192' title='bbox 837 3433 913 3486; x_wconf 90' lang='lat' dir='ltr'><strong>tuno</strong></span> <span class='ocrx_word' id='word_1_193' title='bbox 936 3421 1042 3486; x_wconf 91' lang='lat' dir='ltr'><strong>nullos</strong></span> <span class='ocrx_word' id='word_1_194' title='bbox 1062 3420 1238 3506; x_wconf 86' lang='lat' dir='ltr'><strong>fuisseipse</strong></span> 
     </span>
     <span class='ocr_line' id='line_1_25' title="bbox 67 3540 1239 3630; baseline 0.003 -26"><span class='ocrx_word' id='word_1_195' title='bbox 67 3541 244 3627; x_wconf 86' lang='lat' dir='ltr'><strong>Xenophon</strong></span> <span class='ocrx_word' id='word_1_196' title='bbox 267 3543 368 3608; x_wconf 79' lang='lat' dir='ltr'><strong>Anah.</strong></span> <span class='ocrx_word' id='word_1_197' title='bbox 394 3545 462 3610; x_wconf 87' lang='lat' dir='ltr'><strong>VII.</strong></span> <span class='ocrx_word' id='word_1_198' title='bbox 489 3542 519 3607; x_wconf 84' lang='grc'><strong>6.</strong></span> <span class='ocrx_word' id='word_1_199' title='bbox 546 3544 589 3606; x_wconf 87' lang='grc'><strong>34</strong></span> <span class='ocrx_word' id='word_1_200' title='bbox 612 3541 799 3629; x_wconf 85' lang='lat' dir='ltr'><strong>significavit</strong></span> <span class='ocrx_word' id='word_1_201' title='bbox 822 3552 853 3607; x_wconf 87' lang='lat' dir='ltr'><strong>et</strong></span> <span class='ocrx_word' id='word_1_202' title='bbox 875 3540 947 3606; x_wconf 89' lang='lat' dir='ltr'><strong>inde</strong></span> <span class='ocrx_word' id='word_1_203' title='bbox 970 3541 1104 3606; x_wconf 89' lang='lat' dir='ltr'><strong>Cobetus</strong></span> <span class='ocrx_word' id='word_1_204' title='bbox 1130 3542 1182 3630; x_wconf 83' lang='lat' dir='ltr'><strong>(V.</strong></span> <span class='ocrx_word' id='word_1_205' title='bbox 1205 3541 1239 3607; x_wconf 88' lang='lat' dir='ltr'><strong>L.</strong></span> 
     </span>
     <span class='ocr_line' id='line_1_26' title="bbox 67 3659 1242 3749; baseline 0 -25"><span class='ocrx_word' id='word_1_206' title='bbox 67 3661 181 3728; x_wconf 82' lang='lat' dir='ltr'><strong>hinem.</strong></span> <span class='ocrx_word' id='word_1_207' title='bbox 206 3664 276 3732; x_wconf 88' lang='lat' dir='ltr'><strong>VH.</strong></span> <span class='ocrx_word' id='word_1_208' title='bbox 303 3687 332 3749; x_wconf 89' lang='lat' dir='ltr'><strong>p.</strong></span> <span class='ocrx_word' id='word_1_209' title='bbox 356 3660 411 3743; x_wconf 81' lang='lat'><strong>50)</strong></span> <span class='ocrx_word' id='word_1_210' title='bbox 436 3683 539 3748; x_wconf 86' lang='lat' dir='ltr'><strong>nuper</strong></span> <span class='ocrx_word' id='word_1_211' title='bbox 561 3660 801 3740; x_wconf 81' lang='lat' dir='ltr'><strong>demonstravit3</strong></span> <span class='ocrx_word' id='word_1_212' title='bbox 824 3684 927 3747; x_wconf 86' lang='lat' dir='ltr'><strong>neque</strong></span> <span class='ocrx_word' id='word_1_213' title='bbox 951 3660 1094 3726; x_wconf 89' lang='lat' dir='ltr'><strong>dubitare</strong></span> <span class='ocrx_word' id='word_1_214' title='bbox 1110 3659 1242 3725; x_wconf 86' lang='lat' dir='ltr'><strong>debebat</strong></span> 
     </span>
     <span class='ocr_line' id='line_1_27' title="bbox 68 3771 1241 3869; baseline 0 -25"><span class='ocrx_word' id='word_1_215' title='bbox 68 3781 237 3868; x_wconf 81' lang='lat' dir='ltr'><strong>Krttgerus</strong></span> <span class='ocrx_word' id='word_1_216' title='bbox 263 3781 347 3869; x_wconf 83' lang='lat' dir='ltr'><strong>(ibid.</strong></span> <span class='ocrx_word' id='word_1_217' title='bbox 372 3805 402 3868; x_wconf 94' lang='lat' dir='ltr'><strong>p.</strong></span> <span class='ocrx_word' id='word_1_218' title='bbox 429 3781 484 3869; x_wconf 75' lang='lat'><strong>20)</strong></span> <span class='ocrx_word' id='word_1_219' title='bbox 511 3781 587 3867; x_wconf 89' lang='lat' dir='ltr'><strong>quin</strong></span> <span class='ocrx_word' id='word_1_220' title='bbox 610 3781 764 3859; x_wconf 83' lang='grc' dir='ltr'><em>Φιλησία,</em></span> <span class='ocrx_word' id='word_1_221' title='bbox 788 3803 869 3867; x_wconf 87' lang='lat' dir='ltr'><strong>quae</strong></span> <span class='ocrx_word' id='word_1_222' title='bbox 892 3771 929 3846; x_wconf 60' lang='grc' dir='ltr'><strong>α·</strong></span> <span class='ocrx_word' id='word_1_223' title='bbox 948 3783 1014 3846; x_wconf 86' lang='grc'><strong>394</strong></span> <span class='ocrx_word' id='word_1_224' title='bbox 1039 3781 1091 3867; x_wconf 84' lang='lat' dir='ltr'><strong>(cf.</strong></span> <span class='ocrx_word' id='word_1_225' title='bbox 1115 3779 1241 3844; x_wconf 86' lang='lat' dir='ltr'><strong>Clinton</strong></span> 
     </span>
     <span class='ocr_line' id='line_1_28' title="bbox 69 3900 1242 3989; baseline 0.003 -27"><span class='ocrx_word' id='word_1_226' title='bbox 69 3900 100 3964; x_wconf 83' lang='lat' dir='ltr'><strong>F.</strong></span> <span class='ocrx_word' id='word_1_227' title='bbox 130 3901 168 3963; x_wconf 90' lang='lat' dir='ltr'><strong>H.</strong></span> <span class='ocrx_word' id='word_1_228' title='bbox 201 3924 229 3965; x_wconf 86' lang='lat' dir='ltr'><strong>a.</strong></span> <span class='ocrx_word' id='word_1_229' title='bbox 262 3901 341 3989; x_wconf 88' lang='grc'>394)</span> <span class='ocrx_word' id='word_1_230' title='bbox 373 3925 446 3966; x_wconf 88' lang='lat' dir='ltr'><strong>cum</strong></span> <span class='ocrx_word' id='word_1_231' title='bbox 480 3901 687 3988; x_wconf 90' lang='lat' dir='ltr'><strong>Xenophonte</strong></span> <span class='ocrx_word' id='word_1_232' title='bbox 717 3901 903 3968; x_wconf 87' lang='lat' dir='ltr'><strong>Scilluntem</strong></span> <span class='ocrx_word' id='word_1_233' title='bbox 935 3901 1034 3980; x_wconf 83' lang='lat' dir='ltr'><strong>venit,</strong></span> <span class='ocrx_word' id='word_1_234' title='bbox 1065 3925 1130 3966; x_wconf 91' lang='lat' dir='ltr'><strong>non</strong></span> <span class='ocrx_word' id='word_1_235' title='bbox 1161 3901 1242 3966; x_wconf 85' lang='lat' dir='ltr'><strong>iusta</strong></span> 
     </span>
     <span class='ocr_line' id='line_1_29' title="bbox 68 4021 1242 4106; baseline 0 -22"><span class='ocrx_word' id='word_1_236' title='bbox 68 4043 151 4086; x_wconf 85' lang='lat' dir='ltr'><strong>uxor</strong></span> <span class='ocrx_word' id='word_1_237' title='bbox 184 4021 237 4088; x_wconf 91' lang='lat' dir='ltr'><strong>sed</strong></span> <span class='ocrx_word' id='word_1_238' title='bbox 267 4023 442 4088; x_wconf 86' lang='lat' dir='ltr'><strong>concubina</strong></span> <span class='ocrx_word' id='word_1_239' title='bbox 473 4024 583 4104; x_wconf 84' lang='lat' dir='ltr'><strong>fuerit3</strong></span> <span class='ocrx_word' id='word_1_240' title='bbox 618 4025 827 4090; x_wconf 86' lang='lat' dir='ltr'><strong>concubinam</strong></span> <span class='ocrx_word' id='word_1_241' title='bbox 858 4026 951 4090; x_wconf 87' lang='lat' dir='ltr'><strong>fuisse</strong></span> <span class='ocrx_word' id='word_1_242' title='bbox 982 4024 1149 4090; x_wconf 86' lang='lat' dir='ltr'><strong>ostendunt</strong></span> <span class='ocrx_word' id='word_1_243' title='bbox 1176 4023 1242 4106; x_wconf 88' lang='lat' dir='ltr'><strong>ipsa</strong></span> 
     </span>
     <span class='ocr_line' id='line_1_30' title="bbox 68 4139 1242 4230; baseline -0.001 -25"><span class='ocrx_word' id='word_1_244' title='bbox 68 4139 172 4206; x_wconf 86' lang='grc' dir='ltr'><em>είτετο</em></span> <span class='ocrx_word' id='word_1_245' title='bbox 196 4141 222 4205; x_wconf 87' lang='grc' dir='ltr'><strong>δ’</strong></span> <span class='ocrx_word' id='word_1_246' title='bbox 249 4143 333 4224; x_wconf 79' lang='grc' dir='ltr'><em>αὐτῷ</em></span> <span class='ocrx_word' id='word_1_247' title='bbox 366 4143 419 4208; x_wconf 78' lang='grc' dir='ltr'><strong>καί</strong></span> <span class='ocrx_word' id='word_1_248' title='bbox 450 4143 588 4222; x_wconf 70' lang='grc' dir='ltr'><em>γύναιον.</em></span> <span class='ocrx_word' id='word_1_249' title='bbox 622 4144 767 4208; x_wconf 86' lang='lat' dir='ltr'><strong>Ceterum</strong></span> <span class='ocrx_word' id='word_1_250' title='bbox 796 4145 911 4222; x_wconf 87' lang='lat' dir='ltr'><strong>exiis,</strong></span> <span class='ocrx_word' id='word_1_251' title='bbox 943 4168 1024 4230; x_wconf 88' lang='lat' dir='ltr'><strong>quae</strong></span> <span class='ocrx_word' id='word_1_252' title='bbox 1046 4145 1110 4230; x_wconf 87' lang='lat' dir='ltr'><strong>ipse</strong></span> <span class='ocrx_word' id='word_1_253' title='bbox 1133 4144 1242 4206; x_wconf 90' lang='lat' dir='ltr'><strong>Xeno-</strong></span> 
     </span>
     <span class='ocr_line' id='line_1_31' title="bbox 68 4259 1245 4352; baseline 0 -28"><span class='ocrx_word' id='word_1_254' title='bbox 68 4259 152 4347; x_wconf 87' lang='lat' dir='ltr'><strong>phon</strong></span> <span class='ocrx_word' id='word_1_255' title='bbox 180 4261 292 4350; x_wconf 79' lang='lat' dir='ltr'><strong>(Anah.</strong></span> <span class='ocrx_word' id='word_1_256' title='bbox 317 4263 355 4328; x_wconf 88' lang='lat' dir='ltr'><strong>V.</strong></span> <span class='ocrx_word' id='word_1_257' title='bbox 381 4267 412 4327; x_wconf 84' lang='lat'><strong>3.</strong></span> <span class='ocrx_word' id='word_1_258' title='bbox 438 4263 470 4352; x_wconf 83' lang='lat'><strong>6)</strong></span> <span class='ocrx_word' id='word_1_259' title='bbox 497 4264 535 4329; x_wconf 90' lang='lat' dir='ltr'><strong>de</strong></span> <span class='ocrx_word' id='word_1_260' title='bbox 558 4287 615 4329; x_wconf 85' lang='lat' dir='ltr'><strong>sua</strong></span> <span class='ocrx_word' id='word_1_261' title='bbox 638 4266 670 4329; x_wconf 89' lang='lat' dir='ltr'><strong>in</strong></span> <span class='ocrx_word' id='word_1_262' title='bbox 694 4264 848 4330; x_wconf 87' lang='lat' dir='ltr'><strong>Scillunte</strong></span> <span class='ocrx_word' id='word_1_263' title='bbox 870 4261 941 4328; x_wconf 88' lang='lat' dir='ltr'><strong>sede</strong></span> <span class='ocrx_word' id='word_1_264' title='bbox 960 4274 1089 4341; x_wconf 88' lang='lat' dir='ltr'><strong>narrat,</strong></span> <span class='ocrx_word' id='word_1_265' title='bbox 1114 4269 1245 4347; x_wconf 87' lang='lat' dir='ltr'><strong>apparet</strong></span> 
     </span>
     <span class='ocr_line' id='line_1_32' title="bbox 68 4382 1244 4473; baseline 0.004 -28"><span class='ocrx_word' id='word_1_266' title='bbox 68 4405 158 4460; x_wconf 86' lang='lat' dir='ltr'><strong>eum,</strong></span> <span class='ocrx_word' id='word_1_267' title='bbox 190 4382 243 4468; x_wconf 90' lang='lat' dir='ltr'><strong>qui</strong></span> <span class='ocrx_word' id='word_1_268' title='bbox 274 4389 305 4446; x_wconf 86' lang='lat' dir='ltr'><strong>a⁰</strong></span> <span class='ocrx_word' id='word_1_269' title='bbox 335 4383 399 4448; x_wconf 84' lang='grc'><strong>399</strong></span> <span class='ocrx_word' id='word_1_270' title='bbox 432 4383 574 4450; x_wconf 90' lang='lat' dir='ltr'><strong>nondum</strong></span> <span class='ocrx_word' id='word_1_271' title='bbox 605 4384 796 4473; x_wconf 84' lang='lat' dir='ltr'><strong>trigenarius</strong></span> <span class='ocrx_word' id='word_1_272' title='bbox 834 4405 937 4469; x_wconf 85' lang='lat' dir='ltr'><strong>neque</strong></span> <span class='ocrx_word' id='word_1_273' title='bbox 966 4382 1080 4448; x_wconf 90' lang='lat' dir='ltr'><strong>liberos</strong></span> <span class='ocrx_word' id='word_1_274' title='bbox 1109 4385 1244 4464; x_wconf 84' lang='lat' dir='ltr'><strong>habene,</strong></span> 
     </span>
    </p>
   </div>
   <div class='ocr_carea' id='block_1_8' title="bbox 0 0 1431 4546">
    <p class='ocr_par' dir='ltr' id='par_1_10' title="bbox 0 0 1431 4546">
     <span class='ocr_line' id='line_1_33' title="bbox 0 0 1431 4546; baseline 0 0"><span class='ocrx_word' id='word_1_275' title='bbox 0 0 1431 4546; x_wconf 95' lang='lat' dir='ltr'><strong> </strong></span> 
     </span>
    </p>
   </div>
  </div>
 </body>
</html>
