2848 4546
696 367 736 431 69

131 582 214 647 sensi
243 585 397 671 Epicureo
428 589 621 669 confuderit,
651 592 724 658 licet
750 593 783 657 in
807 600 957 656 neutrum
980 590 1058 656 haee
1081 590 1120 655 ab
1142 588 1302 655 Athenaeo

131 702 248 769 tradita
271 703 362 771 facile
385 707 514 788 cadant,
540 709 620 774 forte
642 711 778 798 liqueret
800 711 825 776 si
842 709 996 776 Posidonii
1012 733 1091 796 opus
1113 718 1300 795 superesset,

132 823 224 887 cuius
255 828 356 912 operis
383 828 567 917 fragmentis
589 829 667 896 haee
697 830 872 909 historiola,
897 854 936 895 ex
959 828 1111 894 Athenaei
1132 852 1217 915 penu
1230 850 1302 914 pro·

130 939 227 1022 fecta,
253 945 355 1012 media
378 949 560 1036 interposita
583 950 711 1038 legitur.

174 1062 220 1128 Ne
243 1066 415 1156 Diogenem
438 1070 637 1136 Oenomaum
669 1071 826 1159 tragicum
857 1068 983 1156 quidem
1007 1069 1156 1134 exstitisse
1187 1066 1300 1132 confir·

112 1201 113 1204 ’
131 1195 198 1248 mat
222 1169 306 1252 idem
328 1190 504 1254 Demetrius
521 1185 658 1278 Magnes.
683 1189 753 1254 vide
772 1188 866 1254 Bahr.
886 1188 988 1253 Paulii
999 1188 1089 1255 Thes.
1102 1190 1142 1254 11.
1156 1210 1186 1273 p.
1203 1187 1300 1252 1042.

175 1306 233 1371 Hic
258 1329 323 1373 non
355 1307 465 1374 visitur
490 1309 649 1375 Demetrio
679 1310 784 1375 iunior
806 1309 960 1406 Diogenes
982 1308 1225 1397 grammaticus,
1249 1307 1300 1370 Ti-

129 1423 219 1490 berio
243 1427 391 1512 aequalis.
429 1429 529 1516 (Suet.
554 1427 647 1493 Tiber
670 1428 739 1517 32).

611 1677 829 1736 ΔΙΟΤΙΜΟΙ.

175 1906 378 1986 Ὀμοινιίμους
406 1909 572 1994 scriptores
599 1908 669 1973 vide
699 1910 731 1974 in
762 1910 865 1974 lensio
888 1911 933 1990 11,
967 1909 1019 1975 15.
1048 1911 1070 1973 4
1092 1919 1123 1974 et
1146 1909 1177 1974 in
1201 1908 1303 1973 Paulii

64 2033 66 2037 ’
131 2023 220 2090 Thes.
245 2028 286 2091 11.
311 2049 340 2091 v.
364 2028 528 2092 Diotimus.

177 2144 379 2210 Diotimus
402 2148 576 2212 Stoicus.

176 2262 394 2330 Athenaeus
412 2289 442 2352 p.
462 2267 537 2331 611.
572 2265 707 2340 Εἰκότως
732 2263 781 2333 οὖν
803 2268 920 2334 πολλαὶ
946 2270 1005 2334 τῶν
1026 2267 1144 2334 τίλειον
1162 2267 1214 2333 καί
1237 2266 1302 2346 μοί-

130 2397 228 2446 λιστα
254 2385 271 2460 η
296 2385 567 2465 Λακεδαιμονίων,
583 2388 621 2459 ὡς
636 2388 824 2466 Χαμαιλέων
850 2388 947 2471 φησίν
979 2390 1009 2453 ἕν
1034 2389 1076 2469 τῷ
1102 2389 1169 2470 τερί
1197 2398 1302 2467 Σιμα-

129 2502 230 2579 νίδου,
253 2506 285 2568 οὐ
308 2504 481 2586 τροςίενται
498 2506 569 2572 οὔτε
593 2508 747 2588 ρἠτορικην
781 2509 852 2572 οὔτε
884 2507 1078 2589 φιλοσοφίαν
1110 2507 1161 2571 δια
1184 2507 1243 2579 τοὶς
1271 2510 1301 2572 ἕν

128 2629 193 2694 τοῖς
220 2622 324 2701 λίγοις
351 2626 434 2703 ὑμῶν
457 2625 536 2716 (scil.
553 2631 612 2690 τῶν
631 2625 827 2715 Φιλοσόφων)
848 2627 1036 2708 Φιλοτιμίας
1051 2626 1103 2691 καί
1127 2625 1226 2708 ἔριδας
1247 2627 1300 2692 καί

128 2742 199 2814 τοὺς
232 2742 376 2824 οίιιαίρους
400 2745 574 2826 ἐλέγχους,
596 2746 633 2810 δι’
654 2743 703 2818 οὓς
728 2743 896 2826 Σωκροίτης
918 2747 975 2825 μὲν
986 2745 1155 2819 νίτέθανεν,
1174 2745 1297 2812 ατίθα-

128 2885 159 2925 νε
177 2860 208 2924 δὲ
234 2861 285 2926 δια
307 2867 414 2927 ταῦτα
433 2864 486 2929 καί
514 2866 664 2946 Θεόδωρος
683 2865 696 2928 ὁ
714 2863 801 2937 ἄθεος
827 2864 880 2930 καί
905 2863 1065 2945 Διαγόρας
1087 2865 1299 2948 ἐφυγαδεύθη·

126 2977 178 3043 ἷίτε
200 2981 253 3044 καί
276 2981 378 3047 τλὲων
402 2985 543 3069 ναυαγία
567 2987 737 3066 ἐχρήσατο·
762 2982 909 3064 Διότιμος
934 2985 961 3048 δ’
983 2985 996 3047 ὃ
1018 2983 1149 3065 γροίψας
1167 2983 1210 3048 τίν
1226 2987 1299 3048 κατ’

127 3099 307 3180 Ἐπικούρου
330 3101 450 3180 βιβλία
476 3105 534 3169 siah
567 3105 700 3180 Ζήνωνος
733 3109 787 3168 τοῦ
817 3101 1022 3182 Ἐπικουρείου
1048 3104 1218 3180 ἐξαιτηθεὶς
1244 3105 1300 3167 οὶν-

127 3217 230 3300 ηρὲθη,
256 3217 293 3292 oia
317 3226 396 3303 φησι
421 3223 597 3303 Δημήτριος
621 3224 634 3286 o‘
658 3222 795 3301 Μοίγνης
820 3225 849 3286 ἕν
873 3230 937 3294 τοῖς
962 3223 1169 3301 Ὁμωνύμοις.

171 3338 292 3404 lonsius
322 3362 380 3425 pro
412 3342 520 3407 vitioso
551 3341 701 3420 Θεότιμος
733 3341 894 3406 Athenaeo
921 3340 1054 3406 reddidit
1084 3345 1229 3421 Διότιμος
1259 3367 1299 3410 ex

126 3458 265 3546 Diogene
299 3460 433 3529 Laertio.
475 3463 534 3528 Hie
567 3460 652 3527 solus
686 3472 811 3547 praeter
840 3460 1036 3527 Athenaeum
1063 3459 1224 3527 historiam
1260 3462 1298 3528 de

125 3577 260 3643 Diotimo
278 3580 452 3668 attingens,
474 3582 507 3646 in
530 3583 657 3668 Epicuri
686 3582 750 3646 vita
775 3582 826 3670 (X.
851 3580 885 3667 3)
906 3583 950 3647 sio
973 3582 1129 3667 loquitur:
1149 3581 1296 3660 Διότιμος

126 3696 152 3761 δ’
184 3697 199 3760 0‘
234 3699 361 3772 στωικὸς
391 3701 545 3780 δυσμενῶς
577 3701 658 3783 ἔχων
689 3703 762 3782 τρθς
793 3703 887 3767 αὐτὸν
921 3701 999 3790 (scil.
1029 3703 1080 3767 τὸν
1105 3702 1296 3788 Ἐπίκουρον)

125 3815 302 3897 τικρθτατα
343 3821 436 3884 αὐτὸν
482 3815 695 3901 διαβέβληκεν
744 3822 913 3894 ἕτιστολοὶς
959 3820 1059 3903 φέρων
1103 3821 1298 3896 πεντήκοντα

126 3937 278 4016 νίσελγεῖς
306 3939 344 4010 ὡς
376 3940 569 4021 Ἐπικούρου.
618 3943 704 4006 Zeno
731 3941 904 4028 Epicureus
926 3941 952 4004 is
978 3951 1041 4018 est,
1070 3963 1165 4026 quem
1189 3941 1297 4006 Cicero

126 4077 159 4120 ao
191 4056 231 4120 79
263 4055 392 4122 Athenis
422 4057 587 4125 docentem
610 4060 729 4125 audivit
756 4061 902 4148 (Clinton.
926 4062 959 4127 F.
984 4062 1021 4125 11.
1047 4081 1075 4126 a.
1102 4059 1159 4146 79)
1184 4069 1215 4122 et
1238 4061 1297 4124 De-

128 4175 257 4242 metrius
281 4186 317 4242 ut
338 4188 438 4244 aetate
460 4179 518 4246 sibi
541 4183 722 4268 proximum
745 4181 827 4245 inter
850 4182 991 4246 Zenones
1012 4178 1216 4244 novissimum
1241 4202 1297 4265 po-

128 4295 190 4362 suit
219 4295 267 4363 his
298 4297 421 4365 verbis:
465 4351 483 4384 ,‚
498 4301 638 4375 Σιδώνιος
665 4302 701 4366 τὸ
730 4299 837 4379 γένος,
871 4297 1046 4382 φιλθσοφος
1070 4295 1326 4377 Ἐνιικοθρειος,·

128 4416 179 4482 καὶ
210 4425 315 4494 vadam
345 4423 398 4487 κθ)
422 4421 607 4505 {suavescat
636 4424 757 4506 σκφιίς.
786 4461 831 4474 -
860 4421 930 4487 Non
955 4441 1080 4487 omnem
1103 4414 1197 4485 fidem
1220 4437 1298 4482 nar-
