2848 4546
628 249 670 314 95

529 509 761 567 ΜΕΝΙΠΠΟΙ.

104 714 310 802 Diogenes
332 714 366 778 L.
390 712 446 780 vl.
473 710 547 778 105.
572 711 727 789 Γεγόνασι
751 712 783 776 δὲ
814 712 972 779 Μένιπποι
992 712 1039 793 ἕξ·
1071 722 1186 798 πρῶτος
1218 719 1231 783 ὁ

60 835 190 918 νροὶψας
225 833 293 914 περὶ
327 834 434 897 Λυδῶν
473 830 525 896 καὶ
562 829 672 898 stator
706 830 941 910 ἐπιτεμόμενος·
971 833 1107 916 δεύτερος
1138 839 1232 910 αὐτὸς

59 951 160 1027 οὗτος·
175 953 275 1036 τρίτος
293 952 518 1034 Στρατονικεὺς
544 953 714 1033 σοφιστής,
744 950 810 1031 Καρ
826 954 870 1035 Ιτὸ
894 952 1054 1018 ἀνέκαθεν·
1082 955 1232 1037 τέταρτος

58 1072 318 1157 ἀνδριαντοποιός·
346 1073 492 1151 πέμπτος
522 1070 575 1136 καὶ
603 1068 708 1147 ἕκτος,
735 1071 906 1154 ζῳγράφοι·
932 1072 1091 1152 μέμνηται
1119 1076 1146 1140 δ’
1167 1078 1232 1154 οἷμ-

59 1194 196 1278 φοτέριιν
218 1191 460 1273 Ἀπολλόδωρος.

104 1314 230 1378 Tertius
258 1311 435 1398 Menippus,
469 1311 706 1377 Stratonicensis
734 1310 831 1396 (Plut.
862 1310 924 1376 Cic.
954 1317 975 1376 4
1002 1312 1159 1394 Μενίππῳ
1188 1317 1231 1396 τῷ

60 1431 155 1522 Καρί)
181 1423 331 1498 Cicerone
365 1442 397 1496 et
426 1431 586 1496 Demetrio
616 1452 680 1495 una
707 1440 807 1495 aetate
830 1429 931 1495 maior
953 1453 992 1494 ex
1015 1430 1132 1498 ultimis
1155 1432 1230 1512 fuit,

60 1576 140 1640 quos
158 1552 211 1618 hic
236 1553 269 1617 in
297 1551 448 1639 catalogis
471 1573 543 1615 suos
566 1550 698 1636 recepit;
724 1572 788 1635 quo
810 1571 894 1614 anno
919 1549 975 1638 (46
1000 1573 1029 1615 a.
1051 1552 1098 1641 C.)
1124 1554 1233 1620 Cicero

59 1674 198 1738 Brutum
221 1671 416 1757 conscripsit,
440 1670 604 1757 Menippus
626 1669 810 1735 iamdudum
834 1680 979 1736 mortuus
1002 1683 1079 1740 erat.

106 1790 382 1875 Quemadmodum
413 1814 486 1856 eum
513 1792 621 1857 Cicero
652 1791 764 1879 (Bruto
792 1790 846 1879 91)
879 1793 1021 1858 omnium
1052 1794 1229 1880 aequalium

57 1913 296 1980 disertissimum
309 1911 403 1990 dixit,
424 1912 467 1976 sic
485 1934 504 1976 a
522 1911 681 1975 Demetrio
692 1933 818 1998 quoque
833 1911 960 1978 honoris
972 1935 1066 1978 causa
1078 1918 1230 1996 σοφιστής

58 2031 238 2119 appellatus
265 2042 326 2109 est,
345 2030 431 2096 haud
457 2030 548 2095 aliter
571 2041 664 2116 atque
687 2029 746 2096 hoc
770 2033 958 2119 cognomine
980 2033 1130 2098 utebatur
1152 2036 1226 2102 Car·

57 2149 176 2216 neades
211 2148 333 2230 „homo
363 2148 504 2214 omnium
534 2151 566 2214 in
590 2148 721 2215 dicendo
743 2151 916 2216 acerrimus
949 2160 980 2215 et
1003 2152 1231 2238 copiosissimus

57 2283 90 2336 et
114 2270 147 2334 iu
173 2291 236 2355 quo
258 2269 304 2334 vis
326 2268 514 2334 incredibilis
538 2269 659 2336 dicendi
677 2283 708 2336 et
727 2271 860 2336 varietas
879 2270 1001 2341 inerat''
1027 2271 1103 2360 (Cic.
1123 2271 1161 2337 de
1173 2273 1229 2339 Or.

57 2388 302 2476 1.11,11.38),
330 2387 441 2454 Suidas
461 2412 490 2454 v.
513 2389 702 2470 Καρνεάδης.
717 2391 885 2456 —Strabo
908 2414 938 2476 p.
964 2391 1045 2469 660,
1074 2393 1230 2458 Ciceronis

58 2510 158 2576 rerba
189 2510 234 2600 (in
262 2510 361 2575 Bruto
384 2508 405 2576 l.
427 2509 464 2596 l.)
488 2509 672 2595 respiciens,
696 2532 753 2574 nos
776 2507 866 2575 docet
886 2511 1067 2597 Menippum
1090 2509 1228 2584 Κοτόκας

64 2630 107 2717 (v.
121 2629 143 2696 l.
168 2628 305 2702 αατοκας
329 2640 360 2694 et
384 2629 536 2717 κατοκοῖς)
561 2630 773 2703 ἐπικληθῆναι.
808 2629 893 2711 Quid
910 2629 971 2696 hoc
982 2641 1229 2718 cognomentum

60 2749 297 2838 significaverit,
340 2749 467 2814 Carinae
500 2748 629 2836 linguae
663 2748 756 2835 gnari
789 2746 904 2815 dicant.
957 2749 1003 2814 De
1034 2749 1166 2815 Caribus
1199 2759 1230 2815 et

60 2869 255 2935 Stratonicae
284 2869 395 2934 incolis
425 2868 494 2934 vide
525 2868 712 2934 Strabonem
743 2867 764 2934 l.
786 2865 808 2932 l.

105 2991 267 3056 Genuinos
297 2990 462 3069 ὁμωνύμων
493 2989 668 3077 catalogos,
699 3011 777 3075 quos
799 2989 974 3053 Demetrius
997 2987 1147 3066 confecit,
1171 3011 1228 3052 no-

60 3110 107 3175 bis
137 3133 275 3175 servasse
305 3110 478 3197 Diogenem
498 3121 530 3175 et
550 3111 768 3197 Menipporum
791 3109 884 3174 series
907 3107 1088 3188 confirmat,
1114 3109 1229 3194 quippe

61 3229 93 3294 in
117 3253 181 3316 qua
203 3253 267 3295 non
290 3231 401 3295 visitur
423 3229 624 3318 geographus
656 3229 819 3315 Menippus
848 3230 1079 3317 Pergamenus,
1110 3228 1231 3292 amicus

62 3348 375 3436 poetaeCrinagorae
398 3348 575 3435 Mytilenaei
601 3347 742 3437 (Anthol.
760 3348 816 3415 Gr.
836 3349 877 3414 ΙΙ.
901 3346 1116 3434 1341ac0bs)‚
1140 3347 1231 3412 cuius

62 3469 254 3558 Crinagorae
292 3469 405 3534 Strabo
439 3492 469 3556 p.
495 3470 558 3534 617
602 3480 638 3533 ut
664 3467 823 3533 coaetanei
857 3468 906 3532 sui
940 3467 1097 3547 meminit;
1122 3467 1229 3532 rectis-

62 3589 156 3668 sime,
192 3588 265 3652 licet
297 3587 493 3668 dubitanter,
528 3588 680 3674 Mulierus
714 3591 747 3653 iu
775 3588 892 3676 Geogr.
922 3588 995 3653 Min.
1025 3589 1041 3652 1
1067 3610 1099 3674 p.
1123 3609 1230 3652 cxxxv

62 3709 212 3773 Demetrii
242 3709 394 3802 Magnetis
423 3709 608 3774 auctoritate
635 3732 709 3774 usus
732 3714 831 3773 estin
855 3706 1073 3773 constituenda
1094 3705 1231 3792 Menippi

62 3826 250 3914 Pergameni
278 3837 388 3894 aetate.
436 3828 544 3910 Quum
567 3839 672 3895 autern
691 3827 804 3893 Strabo
834 3828 1044 3915 Crinagorae,
1068 3847 1132 3891 non
1155 3847 1232 3892 vero

62 3948 197 4034 Menippi
220 3946 395 4035 geographi
413 3949 608 4027 meminerit,
632 3949 795 4036 Menippus
814 3970 892 4035 opus
904 3970 998 4013 suum
1009 3946 1131 4033 aliquot
1141 3947 1232 4011 annis

63 4077 131 4152 post
160 4066 341 4146 absolverit,
374 4090 470 4155 quam
502 4068 614 4135 Strabo
639 4090 696 4135 sua
718 4067 824 4135 edidit.
851 4067 904 4160 (cf.
928 4067 1038 4134 Ukert.
1062 4065 1179 4152 Geogr.
1204 4065 1231 4127 Ι.

64 4187 137 4255 206.
161 4187 322 4277 Forbiger.
348 4189 372 4255 I.
398 4189 490 4279 450.)
