2848 4546
662 303 721 364 III

105 544 135 609 p.
150 521 192 587 26
205 543 269 609 seq.
282 521 406 611 Lanu),
419 521 582 610 Rheginus
593 520 699 586 floruit
709 521 761 586 Ol.
775 523 827 588 87.
837 520 877 588 91.
892 520 970 590 Plin.
980 523 1018 589 N.
1031 526 1068 588 Η.
1077 526 1221 595 XXXIV.
1236 529 1274 606 8,

104 643 187 709 lons.
210 643 266 711 lv.
291 644 368 710 264.
392 637 497 708 Wala.
521 642 553 706 in
577 639 678 706 Paulii
700 641 790 708 Thes.
811 642 865 710 VI.
889 665 920 729 p.
945 642 1021 710 330.

146 761 208 826 Kal
236 758 350 841 larpdc.
398 761 460 826 Pro
477 761 574 837 κήλης
587 759 643 825 alii
663 759 783 826 codices
803 759 920 826 habent
938 761 1049 839 alanna
1069 763 1271 842 9199111111.

102 882 185 947 Ilinc
207 891 239 946 et
261 903 301 947 ex
323 879 425 946 Plinio
442 882 583 945 Muretus
602 881 641 948 V.
659 881 693 947 L.
704 880 760 946 IX.
774 879 862 946 20.f.
883 881 1017 950 restituit
1036 882 1104 963 ampl
1124 884 1269 961 σκίλλνς.

101 1000 215 1066 ldureti
233 999 483 1069 emendationem
503 999 619 1065 stabilit
633 1011 664 1064 91
682 999 832 1064 Galenus.
849 1000 907 1064 llic
926 998 964 1065 de
982 999 1098 1066 herniis
1114 1003 1269 1082 scribens,

100 1119 229 1186 nullum
252 1119 451 1207 Pythagorae
473 1119 590 1184 librum
612 1119 718 1196 novit,
743 1129 854 1184 contra
876 1118 943 1199 περὶ
971 1119 1102 1196 anthane
1127 1121 1270 1200 locutus,

98 1239 316 1327 Pythagoram
338 1241 431 1306 affert
443 1239 597 1328 (Galenus
615 1237 654 1304 de
673 1237 818 1304 remediis
829 1237 961 1326 parabil.
975 1241 1032 1306 III.
1044 1242 1130 1309 XIV.
1143 1215 1174 1329 p.
1187 1241 1267 1330 567)

10 1384 11 1388 ¹
98 1358 235 1449 Kuhn.).
259 1361 373 1426 Mureti
390 1358 641 1426 emendationem
661 1358 862 1424 Casaubonus
880 1358 1045 1446 amplexus
1063 1370 1124 1442 est3
1149 1362 1269 1427 1191119-

97 1480 162 1545 sius
195 1490 227 1545 et
257 1503 330 1544 cum
365 1503 403 1546 eo
435 1481 597 1568 Menagius
631 1491 837 1565 respuerunt,
861 1502 899 1545 eo
922 1489 1112 1568 argumento
1134 1480 1267 1560 scilicet,

97 1597 184 1686 quod
206 1599 326 1665 Plinius
348 1601 386 1667 N.
407 1601 445 1667 H.
466 1602 550 1664 XIX.
575 1601 636 1672 30,
662 1601 733 1666 XX.
756 1599 799 1663 39
827 1597 866 1663 19
892 1597 1093 1685 philosopho,
1125 1600 1269 1666 Laertius

95 1719 135 1786 19
158 1720 222 1786 alio
244 1719 366 1786 medico
389 1718 549 1806 loquatur.
595 1719 699 1800 Quam
729 1715 798 1782 leve
820 1728 851 1782 et
873 1718 966 1782 inane
989 1717 1072 1783 istud
1095 1740 1267 1807 argumen-

94 1852 165 1906 tum
188 1850 282 1917 esset,
307 1840 447 1904 Muretus
469 1848 501 1902 et
523 1837 724 1903 Casaubonus
747 1836 863 1924 optime
885 1837 1032 1904 sciebant.
1077 1839 1145 1902 Iam
1164 1860 1265 1924 quum
1287 1879 1289 1884 ·

96 1958 183 2048 apud
205 1957 362 2023 Galerium
391 1979 533 2043 quoque,
567 1955 652 2021 haud
682 1979 771 2020 secus
793 1966 888 2042 atque
911 1979 929 2021 a
952 1957 1069 2033 Plinio,
1094 1956 1171 2022 haec
1194 1957 1263 2038 aspi

96 2077 228 2151 σκίλλνς
253 2075 293 2141 ad
312 2075 532 2161 philosophum
556 2073 748 2152 referantur,
774 2097 938 2161 quumque
959 2076 999 2140 ad
1015 2075 1143 2141 nullum
1160 2076 1264 2141 novis·

95 2197 248 2261 simorum
280 2194 399 2280 patriae
428 2217 544 2260 nomeu
575 2193 730 2272 addatur,
753 2195 818 2281 ipse
841 2195 922 2260 sorte
944 2197 1121 2262 Demetrius
1143 2196 1266 2282 scripsit

7 2315 8 2322 '
95 2313 152 2379 illa
174 2315 200 2378 ol
224 2314 255 2379 δὲ
275 2351 314 2364 -
331 2317 432 2395 φνσν,
461 2338 499 2378 99
524 2338 616 2380 sensu
645 2327 680 2380 ut
701 2314 836 2393 diceret,
868 2339 933 2381 esse
955 2315 1108 2402 quaedam
1129 2318 1263 2406 scripta,

96 2456 233 2521 quorum
257 2434 455 2524 singulorum
480 2448 641 2501 auctorem
665 2436 771 2501 vocari
794 2435 919 2501 solitum
943 2461 1007 2502 esse
1029 2437 1261 2525 Pythagoram,

96 2577 196 2642 eaque
219 2567 324 2621 tamen
349 2556 388 2620 ad
410 2555 629 2643 philosophum
655 2555 781 2642 quidem
798 2579 862 2621 non
879 2579 968 2642 posse
987 2557 1107 2624 referri.

139 2673 194 2740 aul
205 2699 276 2740 riva
289 2674 358 2756 arpi
371 2677 508 2758 Ὀμήρου
521 2674 785 2752 συντεταγμένον.
822 2675 931 2741 Versio
948 2674 1045 2739 latina
1056 2675 1199 2741 editionis
1208 2671 1263 2741 Iti-

100 2793 244 2860 dotianae
263 2804 294 2859 et
312 2793 444 2860 Bahrius
460 2796 491 2860 in
509 2795 609 2860 Paulii
621 2793 710 2858 Thes.
724 2794 779 2862 Vl.
793 2796 858 2859 330
877 2793 953 2858 haec
968 2793 1062 2858 verba
1081 2795 1263 2861 trahuntad

97 2913 251 2992 eundem,
276 2915 330 3001 qui
353 2914 392 2980 de
415 2915 503 2980 scilla
514 2915 635 3001 scripsit
643 2941 653 2993 ,·
676 2913 779 2978 multo
792 2913 919 2991 melius,
945 2925 981 2978 ut
996 2912 1046 2979 vel
1059 2913 1122 2980 duo
1133 2917 1263 3000 partici-

95 3033 147 3120 pia
176 3035 369 3118 γενραφότνν
400 3046 432 3099 91
461 3034 712 3113 συντεταγμένον
745 3032 932 3111 ostendunt,
962 3033 1036 3098 olim
1061 3035 1183 3099 lonsius
1205 3036 1261 3104 IV.

95 3175 126 3240 p.
140 3153 204 3218 265
224 3166 256 3219 91
272 3153 433 3220 Fabricius
444 3154 478 3217 B.
494 3155 550 3218 Gr.
563 3155 587 3220 Ι.
602 3177 631 3239 p.
646 3154 710 3218 459
728 3152 777 3218 ed.
804 3156 849 3216 lre
871 3151 1032 3230 viderunt,
1055 3176 1119 3218 non
1140 3176 1260 3232 unum,

94 3271 148 3338 sed
166 3271 246 3338 duos
270 3272 464 3360 Pythagoras
486 3271 536 3336 hic
558 3296 640 3350 esse,
665 3273 774 3339 919111
795 3295 866 3336 rara
888 3294 953 3336 non
978 3293 1022 3336 ac
1045 3271 1260 3357 quaedam,

91 3414 203 3458 verum
228 3415 272 3458 ac
294 3391 497 3479 quendam
520 3393 599 3456 verti
622 3405 776 3479 oportere.

134 3512 196 3578 Kal
226 3509 325 3594 ἕτερον
357 3512 480 3594 Δωρικὰ
513 3514 856 3592 τετραγμντενμὲνον,
892 3513 931 3584 ὣς
953 3512 1109 3584 Διονύσιος
1131 3513 1258 3592 ἱστορεῖ.

89 3630 139 3698 lld
160 3631 262 3708 hunc,
294 3655 395 3718 aeque
422 3633 565 3720 ignotum
590 3654 627 3696 ac
653 3632 831 3717 Dionysius,
856 3633 1000 3712 Vossius,
1025 3630 1106 3698 forte
1129 3631 1260 3697 eredens

90 3751 214 3833 Δωρικὰ
238 3773 334 3830 πεπρ.
367 3751 542 3839 significare
572 3773 645 3814 eum
676 3752 730 3836 qui
759 3752 871 3817 Dorice
894 3753 1033 3839 scripsit,
1057 3751 1140 3816 male
1162 3751 1259 3816 traxit

88 3871 321 3959 Pythagoram,
346 3871 401 3956 qui
421 3870 486 3951 aspi
500 3871 647 3952 Ἐρυθρᾶς
664 3870 825 3947 decoloras
842 3873 998 3957 scripsisse
1015 3871 1138 3938 dicitnr.
1165 3871 1259 3936 Hunc

89 3990 190 4057 Vossii
211 4012 353 4056 errorem
376 3990 506 4055 Geierus
531 3989 582 4080 (19
605 3991 681 4057 Hist.
705 3991 806 4056 111.
830 4013 861 4078 p.
888 3995 944 4075 xx)
969 4000 1054 4056 recte
1076 3991 1257 4079 corrigens,

86 4111 151 4199 ipse
184 4109 247 4176 alio
280 4133 389 4177 errore
418 4121 553 4176 tenetur.
599 4113 679 4176 Nam
714 4133 813 4197 quum
845 4111 913 4177 aliis
943 4110 1019 4176 locis
1040 4109 1255 4197 Pythagoras,

86 4231 154 4310 aliis
176 4230 372 4319 Orthagoras
396 4230 465 4312 περὶ
495 4239 551 4306 τῆς
578 4232 723 4314 Ἐρνόρᾶς
753 4229 915 4307 θαλάσσης
939 4229 1104 4310 laudatur,
1128 4230 1257 4316 impru-

85 4351 160 4418 dens
195 4360 330 4417 conatur
363 4373 423 4438 pro
456 4350 636 4440 Orthagora
659 4373 813 4438 reponere
829 4349 1058 4438 Pythagoram
1089 4349 1122 4416 id
1152 4348 1257 4415 facere
