2822 4540
701 278 740 342 19

178 501 272 587 Quod
299 502 337 568 ad
364 502 554 569 vocabulum
581 502 828 590 aequivoca,
859 508 970 566 natum
993 499 1052 566 hoc
1077 500 1177 565 estin
1201 499 1303 566 medio

133 645 226 702 aevo,
246 631 278 688 et
292 623 343 700 iis,
365 623 419 709 qui
434 623 542 689 Latine
558 621 656 688 locuti
672 633 760 699 sunt,
780 622 935 709 ignotum.
959 620 1059 686 Habet
1074 619 1184 709 lingua
1196 621 1304 686 Latina

132 765 228 809 suum
251 743 310 808 sibi
333 743 542 823 vocabulum,
566 743 651 830 quod
673 744 795 808 Graeco
817 739 999 828 respondet,
1032 741 1303 828 cognominis·

131 864 269 944 Plinius,
300 863 439 929 Graecos
468 886 540 930 suos
570 863 670 928 fontes
699 873 837 940 vertens,
869 883 928 947 pro
957 861 1133 939 ὂμώννμνν,
1164 858 1303 924 eodem

131 985 295 1050 nomine
314 1008 441 1072 quoque
459 985 546 1052 dixit.
578 985 811 1069 Quinctilianus
835 985 873 1074 (1.
893 983 1015 1052 0.V11.
1035 1007 1066 1070 p.
1085 983 1148 1048 647
1167 983 1202 1046 Β.
1215 983 1302 1051 Vur.

131 1125 164 1189 p.
190 1104 267 1194 674)
305 1103 463 1172 interdum
498 1107 621 1172 Graeco
655 1104 809 1171 vocabulo
844 1104 960 1183 utitur;
992 1102 1040 1168 his
1065 1103 1196 1168 seriores
1221 1101 1302 1168 dice·

130 1220 209 1287 bant
231 1223 416 1290 univoca.
455 1224 614 1314 (Priscian.
639 1223 678 1289 de
702 1223 841 1288 versibus
863 1222 942 1288 Aen.
968 1224 1004 1299 2,
1030 1218 1171 1287 Diomed.
1199 1226 1227 1287 1.
1254 1219 1301 1308 ἲ).

175 1343 284 1408 Restat
306 1365 370 1408 una
388 1365 438 1409 res
456 1343 661 1430 inquirenda,
681 1365 776 1430 quam
796 1343 852 1408 etsi
870 1341 1017 1407 dirimere
1035 1363 1098 1406 non
1122 1362 1301 1426 possumus,

130 1472 236 1527 tamen
259 1463 432 1548 praeterire
464 1462 569 1542 nefas,
601 1463 752 1528 nimirum
782 1483 845 1548 quo
876 1459 941 1526 fere
963 1471 1104 1547 tempore
1126 1459 1303 1526 Demetrius

129 1603 211 1668 opus
240 1582 308 1664 περὶ
334 1583 502 1663 ὁμωνύμων
533 1582 674 1650 ediderit.
720 1583 833 1648 Scribit
864 1582 972 1647 Cicero
1002 1579 1042 1644 ad
1066 1580 1205 1645 Atticum
1232 1579 1300 1668 (Ep.

129 1699 170 1765 ad
191 1700 258 1767 Art.
282 1703 337 1771 lv.
363 1701 429 1792 11).
465 1706 534 1786 „Tu
556 1705 690 1770 Lucceio
712 1714 856 1769 nostrum
881 1702 999 1768 librum
1022 1701 1117 1768 dabis.
1152 1699 1303 1766 Demetrii

130 1822 282 1908 Magnetis
312 1823 367 1888 tibi
397 1823 503 1902 mitto,
540 1823 644 1888 statim
676 1832 713 1888 ut
741 1825 795 1902 sit,
832 1823 930 1909 quia
963 1833 994 1888 te
1027 1820 1103 1887 mihi
1136 1819 1298 1907 epistolam

130 1940 280 2010 referat.''
338 1943 395 2008 Hic
428 1944 576 2008 Demetrii
615 1942 694 2008 liber
729 1943 868 2030 quisquis
909 1941 1020 2021 fuerit,
1063 1963 1158 2026 quem
1192 1939 1302 2004 Cicero

131 2081 160 2126 a
185 2060 227 2125 55
252 2083 280 2128 a.
305 2063 338 2128 C.
384 2062 488 2128 Attico
511 2063 610 2141 misit,
638 2062 734 2150 longe
756 2062 898 2128 diversus
919 2074 966 2126 est
988 2081 1007 2124 a
1029 2059 1111 2126 libro
1138 2057 1205 2136 περὶ
1229 2058 1301 2136 ὁμο-

132 2179 234 2253 votas,
272 2203 365 2266 quem
396 2182 505 2248 Cicero
533 2203 617 2247 anno
649 2183 690 2246 49
715 2204 743 2248 a.
768 2182 800 2248 C.
832 2179 974 2247 nondum
1003 2177 1136 2245 viderat:
1172 2176 1299 2243 nullum

132 2307 238 2364 autem
264 2298 414 2366 indicium
437 2299 470 2365 in
493 2301 560 2387 ipso
584 2301 734 2366 Cicerone
758 2311 819 2380 est,
844 2299 929 2365 unde
951 2309 1036 2366 certo
1059 2298 1203 2365 conficias
1225 2320 1299 2362 eum

132 2416 172 2483 ad
193 2441 247 2483 eos
269 2417 382 2498 libros,
407 2441 485 2505 quos
507 2420 655 2485 extremis
679 2420 760 2484 vitae
783 2420 873 2485 aunis
896 2418 1093 2506 conscripsit,
1125 2416 1300 2484 adhibuisse

130 2538 280 2604 Demetrii
301 2538 490 2617 ὁμωνύμους.
539 2539 665 2622 Quum,
697 2550 734 2605 ut
755 2537 816 2605 hoc
838 2550 927 2618 utar,
952 2540 1060 2604 Cicero
1093 2537 1131 2603 de
1163 2539 1299 2624 Epicuro

129 2679 158 2723 a.
183 2661 227 2722 44
249 2679 277 2723 a.
301 2658 334 2724 C.
361 2656 412 2747 (de
442 2660 511 2725 Nat.
535 2660 560 2725 1.
586 2660 641 2748 26)
671 2661 809 2746 scripsit:
841 2663 1078 2742 „Xenocratem
1101 2657 1211 2724 audire
1237 2679 1297 2742 po-

129 2778 206 2855 tuit,
238 2787 270 2842 et
298 2789 371 2843 sunt
399 2779 454 2864 qui
483 2789 595 2864 putent
624 2778 789 2859 audivisse3
821 2780 886 2865 ipse
916 2801 979 2844 non
1003 2777 1109 2858 vult‚”
1134 2799 1297 2865 quumque

129 2897 162 2962 in
184 2897 325 2984 Diogene
347 2897 470 2963 Laertio
493 2900 531 2964 X.
557 2901 597 2964 13
621 2899 756 2986 legimus
775 2949 793 2980 „
803 2899 978 2978 Δημήτριος
1001 2898 1033 2963 δέ
1059 2903 1155 2980 Φνσιν
1183 2900 1197 2960 ὁ
1220 2892 1298 2960 Md·

129 3041 206 3095 γννς
221 3017 274 3082 καὶ
290 3014 492 3099 Ξενοκράτους
511 3020 604 3084 αὐτὸν
633 3019 712 3104 (scil.
729 3016 913 3107 Epicurum)
927 3016 1098 3090 νὶκνῠσνω,”
1120 3015 1191 3082 inde
1203 3037 1297 3081 nemo

129 3135 252 3201 sobrius
263 3135 411 3216 deducet,
425 3136 607 3215 verisimile,
631 3137 748 3203 nedum
772 3149 912 3217 certum,
936 3159 1001 3203 esse
1020 3138 1201 3204 Ciceronem
1213 3135 1295 3201 eius·

129 3253 214 3320 modi
238 3255 312 3342 quid
336 3273 374 3321 ex
398 3256 555 3322 Demetrio
573 3256 699 3322 demum
725 3255 880 3337 didicisse3
906 3280 1008 3344 neque
1031 3256 1070 3322 ab
1089 3255 1188 3322 altera
1206 3264 1296 3341 parte

129 3396 230 3460 quum
250 3375 357 3440 Cicero
368 3374 563 3453 Aristoteles,
588 3387 643 3440 aut
654 3377 757 3444 Varro
776 3377 1011 3464 octogenarius,
1038 3375 1192 3463 Archytas
1215 3397 1295 3440 con·

128 3493 232 3560 fundit
253 3493 335 3582 (vide
354 3494 555 3560 Aristotelum
574 3505 605 3560 et
623 3497 835 3583 Archytarum
855 3494 960 3584 series)
972 3545 980 3575 ,
993 3494 1110 3562 idcirco
1120 3505 1294 3582 utrumque

127 3615 277 3680 Demetrii
306 3637 384 3700 opus
408 3616 576 3703 ignorasse.
624 3618 687 3702 Ipsi
709 3618 876 3696 ὁμωνύμων
901 3617 1036 3704 catalogi
1058 3613 1292 3693 considerandi,

127 3745 158 3800 et
181 3733 350 3799 videndum
374 3747 419 3800 cst
441 3747 510 3801 tum
533 3736 662 3820 quinam
686 3737 717 3801 in
748 3737 785 3801 iis
813 3738 972 3802 novissimi
1002 3745 1187 3823 appareant,
1223 3745 1292 3799 tum

127 3855 256 3940 quinam
279 3854 342 3918 ism
364 3876 428 3918 non
451 3855 483 3919 iu
506 3855 544 3920 iis
566 3856 716 3923 visantur.
762 3857 849 3922 Inter
871 3855 1053 3922 novissimos
1075 3864 1197 3934 autem,
1222 3853 1292 3941 qui-

126 3973 185 4038 bus
207 3971 312 4039 locum
337 3972 420 4038 dedit
442 3975 629 4054 Demetrius,
659 3999 753 4040 nemo
775 3987 821 4041 est
843 3976 897 4062 qui
920 3976 1005 4041 ultra
1027 3975 1183 4041 Ciceronis
1205 3995 1290 4040 mor·

124 4102 188 4158 tem
215 4092 255 4182 (a.
281 4092 323 4158 43
346 4113 365 4157 a
388 4091 436 4178 C.)
460 4093 588 4172 vixerit,
613 4093 667 4159 sed
692 4095 722 4158 in
747 4094 855 4160 iisdem
879 4117 961 4160 unus
987 4105 1018 4160 et
1044 4093 1124 4160 alter
1149 4102 1211 4173 est,
1237 4094 1292 4178 qui

123 4211 278 4278 Strabone
296 4222 371 4278 nato
391 4211 494 4280 adbuc
517 4224 671 4301 superstes
690 4224 771 4293 erat,
792 4213 1164 4292 utAesobinesMilesiuS,
1189 4211 1292 4278 Aristo

122 4329 363 4399 Alexandrinus.
411 4334 477 4399 Iam
509 4333 621 4400 Strabo
652 4344 745 4400 natus
775 4344 821 4402 est
849 4336 980 4402 66-60
1002 4359 1030 4402 a.
1055 4335 1089 4401 C.
1117 4331 1290 4421 (Forbiger.

1072 4452 1115 4510 2*
