<?xml version="1.0" encoding="UTF-8"?>
<!DOCTYPE html PUBLIC "-//W3C//DTD XHTML 1.0 Transitional//EN"
    "http://www.w3.org/TR/xhtml1/DTD/xhtml1-transitional.dtd">
<html xmlns="http://www.w3.org/1999/xhtml" xml:lang="en" lang="en">
 <head>
  <title>
</title>
<meta http-equiv="Content-Type" content="text/html;charset=utf-8" />
  <meta name='ocr-system' content='tesseract 3.04.00' />
  <meta name='ocr-capabilities' content='ocr_page ocr_carea ocr_par ocr_line ocrx_word'/>
</head>
<body>
  <div class='ocr_page' id='page_1' title='image "./dedemetriomagne00schegoog_0045.png"; bbox 0 0 2822 4540; ppageno 0'>
   <div class='ocr_carea' id='block_1_1' title="bbox 712 315 755 376">
    <p class='ocr_par' dir='ltr' id='par_1_1' title="bbox 712 315 755 376">
     <span class='ocr_line' id='line_1_1' title="bbox 712 315 755 376; baseline 0 0"><span class='ocrx_word' id='word_1_1' title='bbox 712 315 755 376; x_wconf 79' lang='lat'>34</span> 
     </span>
    </p>
   </div>
   <div class='ocr_carea' id='block_1_2' title="bbox 156 533 1318 616">
    <p class='ocr_par' dir='ltr' id='par_1_2' title="bbox 156 533 1318 616">
     <span class='ocr_line' id='line_1_2' title="bbox 156 533 1318 616; baseline -0.003 -13"><span class='ocrx_word' id='word_1_2' title='bbox 156 538 208 604; x_wconf 82' lang='grc' dir='ltr'>καὶ</span> <span class='ocrx_word' id='word_1_3' title='bbox 238 538 375 610; x_wconf 72' lang='grc' dir='ltr'><em>Ἰασίδαο</em></span> <span class='ocrx_word' id='word_1_4' title='bbox 411 534 464 602; x_wconf 76' lang='grc' dir='ltr'><em>καί</em></span> <span class='ocrx_word' id='word_1_5' title='bbox 496 537 602 602; x_wconf 86' lang='grc' dir='ltr'><em>Ἴασον</em></span> <span class='ocrx_word' id='word_1_6' title='bbox 632 537 749 616; x_wconf 66' lang='lat' dir='ltr'>”Appos</span> <span class='ocrx_word' id='word_1_7' title='bbox 780 535 831 600; x_wconf 80' lang='grc' dir='ltr'><em>καί</em></span> <span class='ocrx_word' id='word_1_8' title='bbox 858 533 974 600; x_wconf 85' lang='grc' dir='ltr'><em>Ἀπίαν</em></span> <span class='ocrx_word' id='word_1_9' title='bbox 1003 534 1056 600; x_wconf 82' lang='grc' dir='ltr'><em>καί</em></span> <span class='ocrx_word' id='word_1_10' title='bbox 1090 533 1255 608; x_wconf 82' lang='grc' dir='ltr'><em>Ἀπιδίνας</em></span> <span class='ocrx_word' id='word_1_11' title='bbox 1291 535 1318 600; x_wconf 85' lang='grc' dir='ltr'>σί</span> 
     </span>
    </p>
   </div>
   <div class='ocr_carea' id='block_1_3' title="bbox 156 651 1406 742">
    <p class='ocr_par' dir='ltr' id='par_1_3' title="bbox 156 651 1406 742">
     <span class='ocr_line' id='line_1_3' title="bbox 156 651 1406 742; baseline -0.006 -18"><span class='ocrx_word' id='word_1_12' title='bbox 156 659 291 740; x_wconf 77' lang='grc' dir='ltr'><em>νεώτεροί</em></span> <span class='ocrx_word' id='word_1_13' title='bbox 303 657 564 740; x_wconf 78' lang='grc' dir='ltr'><em>φασινὍμιιρος</em></span> <span class='ocrx_word' id='word_1_14' title='bbox 580 657 606 720; x_wconf 87' lang='grc' dir='ltr'>δ’</span> <span class='ocrx_word' id='word_1_15' title='bbox 622 652 787 726; x_wconf 84' lang='grc' dir='ltr'><em>Ἀνιιδίνας</em></span> <span class='ocrx_word' id='word_1_16' title='bbox 804 651 861 732; x_wconf 71' lang='grc' dir='ltr'>μὲν</span> <span class='ocrx_word' id='word_1_17' title='bbox 873 653 906 719; x_wconf 78' lang='grc' dir='ltr'>οὐ</span> <span class='ocrx_word' id='word_1_18' title='bbox 921 651 1025 733; x_wconf 69' lang='grc' dir='ltr'><strong>λέγει.</strong></span> <span class='ocrx_word' id='word_1_19' title='bbox 1041 653 1140 720; x_wconf 85' lang='grc' dir='ltr'><em>οίπίαν</em></span> <span class='ocrx_word' id='word_1_20' title='bbox 1157 651 1194 742; x_wconf 79' lang='lat' dir='ltr'>(l.</span> <span class='ocrx_word' id='word_1_21' title='bbox 1202 651 1318 720; x_wconf 82' lang='grc' dir='ltr'><em>Ἀσίαν</em></span> <span class='ocrx_word' id='word_1_22' title='bbox 1405 681 1406 686; x_wconf 56' lang='grc'>’</span> 
     </span>
    </p>
   </div>
   <div class='ocr_carea' id='block_1_4' title="bbox 155 771 1321 1459">
    <p class='ocr_par' dir='ltr' id='par_1_4' title="bbox 155 771 1317 984">
     <span class='ocr_line' id='line_1_4' title="bbox 156 771 1317 861; baseline -0.003 -18"><span class='ocrx_word' id='word_1_23' title='bbox 156 777 196 844; x_wconf 86' lang='lat' dir='ltr'>ol.</span> <span class='ocrx_word' id='word_1_24' title='bbox 227 777 368 844; x_wconf 85' lang='lat' dir='ltr'>Niebuhr</span> <span class='ocrx_word' id='word_1_25' title='bbox 397 780 504 846; x_wconf 87' lang='lat' dir='ltr'>Vortr.</span> <span class='ocrx_word' id='word_1_26' title='bbox 535 795 569 843; x_wconf 92' lang='grc' dir='ltr'>ιι.</span> <span class='ocrx_word' id='word_1_27' title='bbox 598 798 626 842; x_wconf 87' lang='lat' dir='ltr'>a.</span> <span class='ocrx_word' id='word_1_28' title='bbox 657 775 692 842; x_wconf 82' lang='grc' dir='ltr'>Ι..</span> <span class='ocrx_word' id='word_1_29' title='bbox 723 799 755 842; x_wconf 87' lang='lat' dir='ltr'>u.</span> <span class='ocrx_word' id='word_1_30' title='bbox 781 775 818 842; x_wconf 84' lang='lat' dir='ltr'>V.</span> <span class='ocrx_word' id='word_1_31' title='bbox 843 797 874 860; x_wconf 90' lang='lat' dir='ltr'>p.</span> <span class='ocrx_word' id='word_1_32' title='bbox 899 775 959 851; x_wconf 77' lang='lat' dir='ltr'>tt,</span> <span class='ocrx_word' id='word_1_33' title='bbox 993 773 1121 861; x_wconf 85' lang='lat' dir='ltr'>llneycl.</span> <span class='ocrx_word' id='word_1_34' title='bbox 1153 771 1259 842; x_wconf 85' lang='lat' dir='ltr'>Erseh.</span> <span class='ocrx_word' id='word_1_35' title='bbox 1283 797 1317 840; x_wconf 90' lang='lat' dir='ltr'>u.</span> 
     </span>
     <span class='ocr_line' id='line_1_5' title="bbox 155 893 966 984; baseline -0.004 -22"><span class='ocrx_word' id='word_1_36' title='bbox 155 897 255 964; x_wconf 86' lang='lat' dir='ltr'>Grub.</span> <span class='ocrx_word' id='word_1_37' title='bbox 279 898 350 964; x_wconf 89' lang='lat' dir='ltr'>XV.</span> <span class='ocrx_word' id='word_1_38' title='bbox 375 921 406 984; x_wconf 87' lang='lat' dir='ltr'>p.</span> <span class='ocrx_word' id='word_1_39' title='bbox 431 899 496 962; x_wconf 79' lang='lat'>270</span> <span class='ocrx_word' id='word_1_40' title='bbox 519 919 550 960; x_wconf 91' lang='lat' dir='ltr'>u.</span> <span class='ocrx_word' id='word_1_41' title='bbox 577 895 610 983; x_wconf 87' lang='lat'>3)</span> <span class='ocrx_word' id='word_1_42' title='bbox 636 897 691 968; x_wconf 78' lang='grc' dir='ltr'><em>πίιν</em></span> <span class='ocrx_word' id='word_1_43' title='bbox 715 893 809 975; x_wconf 81' lang='grc' dir='ltr'>πόρρω</span> <span class='ocrx_word' id='word_1_44' title='bbox 831 896 966 971; x_wconf 68' lang='grc' dir='ltr'>μᾶλλον.</span> 
     </span>
    </p>

    <p class='ocr_par' dir='ltr' id='par_1_5' title="bbox 155 1009 1321 1459">
     <span class='ocr_line' id='line_1_6' title="bbox 201 1009 1318 1101; baseline -0.004 -19"><span class='ocrx_word' id='word_1_45' title='bbox 201 1017 347 1082; x_wconf 86' lang='lat' dir='ltr'>Ceterum</span> <span class='ocrx_word' id='word_1_46' title='bbox 370 1038 442 1082; x_wconf 86' lang='lat' dir='ltr'>cum</span> <span class='ocrx_word' id='word_1_47' title='bbox 466 1014 582 1088; x_wconf 90' lang='grc' dir='ltr'><em>Ἀπία,</em></span> <span class='ocrx_word' id='word_1_48' title='bbox 608 1009 822 1100; x_wconf 81' lang='lat' dir='ltr'>mythologioo</span> <span class='ocrx_word' id='word_1_49' title='bbox 839 1013 968 1078; x_wconf 92' lang='lat' dir='ltr'>nomine</span> <span class='ocrx_word' id='word_1_50' title='bbox 985 1012 1064 1101; x_wconf 78' lang='lat' dir='ltr'>Argi</span> <span class='ocrx_word' id='word_1_51' title='bbox 1088 1022 1120 1079; x_wconf 86' lang='lat' dir='ltr'>et</span> <span class='ocrx_word' id='word_1_52' title='bbox 1135 1012 1210 1078; x_wconf 86' lang='lat' dir='ltr'>hino</span> <span class='ocrx_word' id='word_1_53' title='bbox 1227 1010 1318 1077; x_wconf 89' lang='lat' dir='ltr'>Pelo-</span> 
     </span>
     <span class='ocr_line' id='line_1_7' title="bbox 155 1124 1320 1224; baseline -0.005 -24"><span class='ocrx_word' id='word_1_54' title='bbox 155 1136 286 1222; x_wconf 89' lang='lat' dir='ltr'>ponnesi</span> <span class='ocrx_word' id='word_1_55' title='bbox 310 1133 403 1224; x_wconf 88' lang='lat' dir='ltr'>(Plin.</span> <span class='ocrx_word' id='word_1_56' title='bbox 428 1137 482 1203; x_wconf 84' lang='lat' dir='ltr'>lv.</span> <span class='ocrx_word' id='word_1_57' title='bbox 508 1134 538 1201; x_wconf 86' lang='lat'>5.</span> <span class='ocrx_word' id='word_1_58' title='bbox 564 1130 627 1197; x_wconf 66' lang='lat'>962</span> <span class='ocrx_word' id='word_1_59' title='bbox 647 1129 696 1220; x_wconf 92' lang='lat' dir='ltr'>B.)</span> <span class='ocrx_word' id='word_1_60' title='bbox 722 1124 800 1196; x_wconf 86' lang='lat' dir='ltr'><strong>nihil</strong></span> <span class='ocrx_word' id='word_1_61' title='bbox 823 1131 911 1196; x_wconf 90' lang='lat' dir='ltr'>nobis</span> <span class='ocrx_word' id='word_1_62' title='bbox 933 1143 996 1211; x_wconf 89' lang='lat' dir='ltr'>est,</span> <span class='ocrx_word' id='word_1_63' title='bbox 1020 1132 1141 1197; x_wconf 82' lang='lat' dir='ltr'>etiamsi</span> <span class='ocrx_word' id='word_1_64' title='bbox 1163 1141 1320 1198; x_wconf 83' lang='lat' dir='ltr'>constaret</span> 
     </span>
     <span class='ocr_line' id='line_1_8' title="bbox 156 1251 1321 1341; baseline -0.003 -24"><span class='ocrx_word' id='word_1_65' title='bbox 156 1254 313 1334; x_wconf 77' lang='grc' dir='ltr'><em>ὁμώνυμον</em></span> <span class='ocrx_word' id='word_1_66' title='bbox 336 1255 465 1334; x_wconf 87' lang='lat' dir='ltr'>babere;</span> <span class='ocrx_word' id='word_1_67' title='bbox 494 1264 590 1341; x_wconf 81' lang='lat' dir='ltr'>vagat</span> <span class='ocrx_word' id='word_1_68' title='bbox 611 1254 643 1317; x_wconf 89' lang='lat' dir='ltr'>in</span> <span class='ocrx_word' id='word_1_69' title='bbox 665 1253 763 1339; x_wconf 81' lang='lat' dir='ltr'>Mysia</span> <span class='ocrx_word' id='word_1_70' title='bbox 785 1252 900 1324; x_wconf 88' lang='grc' dir='ltr'><em>Ἀπίας</em></span> <span class='ocrx_word' id='word_1_71' title='bbox 928 1253 1029 1318; x_wconf 85' lang='grc' dir='ltr'><em>πεδίον</em></span> <span class='ocrx_word' id='word_1_72' title='bbox 1056 1253 1120 1318; x_wconf 85' lang='lat' dir='ltr'>sive</span> <span class='ocrx_word' id='word_1_73' title='bbox 1146 1251 1245 1316; x_wconf 87' lang='grc' dir='ltr'><em>Ἀπία</em></span> <span class='ocrx_word' id='word_1_74' title='bbox 1271 1252 1321 1340; x_wconf 90' lang='lat' dir='ltr'>(ut</span> 
     </span>
     <span class='ocr_line' id='line_1_9' title="bbox 157 1367 1318 1459; baseline -0.001 -21"><span class='ocrx_word' id='word_1_75' title='bbox 157 1375 249 1454; x_wconf 70' lang='grc' dir='ltr'><em>Θήβα</em></span> <span class='ocrx_word' id='word_1_76' title='bbox 263 1385 293 1440; x_wconf 90' lang='lat' dir='ltr'>et</span> <span class='ocrx_word' id='word_1_77' title='bbox 306 1376 415 1454; x_wconf 70' lang='grc' dir='ltr'><em>Θήβης</em></span> <span class='ocrx_word' id='word_1_78' title='bbox 430 1371 532 1440; x_wconf 70' lang='grc' dir='ltr'><em>πεδίον</em></span> <span class='ocrx_word' id='word_1_79' title='bbox 545 1369 657 1437; x_wconf 82' lang='lat' dir='ltr'>Strabo</span> <span class='ocrx_word' id='word_1_80' title='bbox 669 1395 700 1457; x_wconf 87' lang='lat' dir='ltr'>p.</span> <span class='ocrx_word' id='word_1_81' title='bbox 715 1367 811 1458; x_wconf 77' lang='lat'><strong>588);</strong></span> <span class='ocrx_word' id='word_1_82' title='bbox 833 1370 917 1456; x_wconf 90' lang='lat' dir='ltr'>quod</span> <span class='ocrx_word' id='word_1_83' title='bbox 936 1370 1182 1459; x_wconf 86' lang='lat' dir='ltr'>aForbigeroll.</span> <span class='ocrx_word' id='word_1_84' title='bbox 1195 1391 1226 1458; x_wconf 88' lang='lat' dir='ltr'>p.</span> <span class='ocrx_word' id='word_1_85' title='bbox 1242 1374 1318 1437; x_wconf 85' lang='lat'>111.</span> 
     </span>
    </p>
   </div>
   <div class='ocr_carea' id='block_1_5' title="bbox 157 1488 1406 1828">
    <p class='ocr_par' dir='ltr' id='par_1_6' title="bbox 157 1488 1406 1828">
     <span class='ocr_line' id='line_1_10' title="bbox 157 1488 1406 1578; baseline -0.002 -20"><span class='ocrx_word' id='word_1_86' title='bbox 157 1495 262 1558; x_wconf 85' lang='lat' dir='ltr'>minus</span> <span class='ocrx_word' id='word_1_87' title='bbox 287 1505 371 1559; x_wconf 81' lang='lat' dir='ltr'>&#39;recte</span> <span class='ocrx_word' id='word_1_88' title='bbox 398 1496 429 1560; x_wconf 94' lang='lat' dir='ltr'>in</span> <span class='ocrx_word' id='word_1_89' title='bbox 454 1488 597 1558; x_wconf 82' lang='lat' dir='ltr'>orientali</span> <span class='ocrx_word' id='word_1_90' title='bbox 621 1491 718 1578; x_wconf 81' lang='lat' dir='ltr'>lllysia</span> <span class='ocrx_word' id='word_1_91' title='bbox 744 1492 818 1576; x_wconf 91' lang='lat' dir='ltr'>poni</span> <span class='ocrx_word' id='word_1_92' title='bbox 841 1501 872 1555; x_wconf 89' lang='lat' dir='ltr'>et</span> <span class='ocrx_word' id='word_1_93' title='bbox 895 1491 997 1576; x_wconf 90' lang='lat' dir='ltr'>potius</span> <span class='ocrx_word' id='word_1_94' title='bbox 1015 1490 1047 1554; x_wconf 91' lang='lat' dir='ltr'>in</span> <span class='ocrx_word' id='word_1_95' title='bbox 1067 1489 1168 1554; x_wconf 85' lang='lat' dir='ltr'>modia</span> <span class='ocrx_word' id='word_1_96' title='bbox 1190 1492 1321 1578; x_wconf 86' lang='lat' dir='ltr'>regione</span> <span class='ocrx_word' id='word_1_97' title='bbox 1405 1503 1406 1568; x_wconf 53' lang='grc' dir='ltr'>ζ</span> 
     </span>
     <span class='ocr_line' id='line_1_11' title="bbox 157 1607 1406 1702; baseline -0.003 -24"><span class='ocrx_word' id='word_1_98' title='bbox 157 1612 197 1678; x_wconf 88' lang='lat' dir='ltr'>ad</span> <span class='ocrx_word' id='word_1_99' title='bbox 222 1615 378 1679; x_wconf 86' lang='lat' dir='ltr'>Temnum</span> <span class='ocrx_word' id='word_1_100' title='bbox 402 1623 540 1678; x_wconf 86' lang='lat' dir='ltr'>montem</span> <span class='ocrx_word' id='word_1_101' title='bbox 570 1609 621 1702; x_wconf 86' lang='lat' dir='ltr'>(ol.</span> <span class='ocrx_word' id='word_1_102' title='bbox 646 1611 748 1675; x_wconf 85' lang='lat' dir='ltr'>Panlii</span> <span class='ocrx_word' id='word_1_103' title='bbox 770 1610 859 1676; x_wconf 87' lang='lat' dir='ltr'>Thes.</span> <span class='ocrx_word' id='word_1_104' title='bbox 885 1612 910 1674; x_wconf 90' lang='lat' dir='ltr'>I.</span> <span class='ocrx_word' id='word_1_105' title='bbox 933 1633 963 1696; x_wconf 91' lang='lat' dir='ltr'>p.</span> <span class='ocrx_word' id='word_1_106' title='bbox 990 1609 1067 1700; x_wconf 78' lang='lat' dir='ltr'>tto)</span> <span class='ocrx_word' id='word_1_107' title='bbox 1091 1610 1185 1676; x_wconf 79' lang='lat' dir='ltr'>luisse</span> <span class='ocrx_word' id='word_1_108' title='bbox 1204 1607 1321 1675; x_wconf 77' lang='lat' dir='ltr'>Strabo</span> <span class='ocrx_word' id='word_1_109' title='bbox 1405 1631 1406 1648; x_wconf 62' lang='lat'>¹</span> 
     </span>
     <span class='ocr_line' id='line_1_12' title="bbox 157 1729 1406 1828; baseline -0.002 -32"><span class='ocrx_word' id='word_1_110' title='bbox 157 1754 188 1818; x_wconf 90' lang='lat' dir='ltr'>p.</span> <span class='ocrx_word' id='word_1_111' title='bbox 209 1733 273 1797; x_wconf 88' lang='grc'>616</span> <span class='ocrx_word' id='word_1_112' title='bbox 298 1732 419 1820; x_wconf 79' lang='lat' dir='ltr'>arguit3</span> <span class='ocrx_word' id='word_1_113' title='bbox 442 1742 477 1796; x_wconf 90' lang='lat' dir='ltr'>ut</span> <span class='ocrx_word' id='word_1_114' title='bbox 499 1732 591 1809; x_wconf 80' lang='lat' dir='ltr'>situs,</span> <span class='ocrx_word' id='word_1_115' title='bbox 610 1731 654 1795; x_wconf 86' lang='lat' dir='ltr'>sic</span> <span class='ocrx_word' id='word_1_116' title='bbox 671 1731 826 1816; x_wconf 81' lang='lat' dir='ltr'>scriptura</span> <span class='ocrx_word' id='word_1_117' title='bbox 849 1729 1014 1817; x_wconf 86' lang='lat' dir='ltr'>ambigua;</span> <span class='ocrx_word' id='word_1_118' title='bbox 1027 1731 1136 1794; x_wconf 74' lang='lat' dir='ltr'>Cicero</span> <span class='ocrx_word' id='word_1_119' title='bbox 1154 1730 1185 1794; x_wconf 87' lang='lat' dir='ltr'>in</span> <span class='ocrx_word' id='word_1_120' title='bbox 1199 1729 1322 1794; x_wconf 85' lang='lat' dir='ltr'>duabus</span> <span class='ocrx_word' id='word_1_121' title='bbox 1405 1775 1406 1828; x_wconf 58' lang='lat'>3</span> 
     </span>
    </p>
   </div>
   <div class='ocr_carea' id='block_1_6' title="bbox 154 1833 1322 2515">
    <p class='ocr_par' dir='ltr' id='par_1_7' title="bbox 154 1833 1322 2515">
     <span class='ocr_line' id='line_1_13' title="bbox 158 1833 1321 1937; baseline 0.003 -23"><span class='ocrx_word' id='word_1_122' title='bbox 158 1849 310 1937; x_wconf 89' lang='lat' dir='ltr'>epistolis,</span> <span class='ocrx_word' id='word_1_123' title='bbox 331 1849 370 1915; x_wconf 92' lang='lat' dir='ltr'>ad</span> <span class='ocrx_word' id='word_1_124' title='bbox 392 1846 529 1936; x_wconf 85' lang='lat' dir='ltr'>Appium</span> <span class='ocrx_word' id='word_1_125' title='bbox 553 1833 726 1915; x_wconf 85' lang='lat' dir='ltr'>Pulchrum</span> <span class='ocrx_word' id='word_1_126' title='bbox 749 1850 972 1934; x_wconf 79' lang='lat' dir='ltr'>imperatorem</span> <span class='ocrx_word' id='word_1_127' title='bbox 986 1847 1088 1928; x_wconf 84' lang='lat' dir='ltr'>datas,</span> <span class='ocrx_word' id='word_1_128' title='bbox 1114 1849 1238 1936; x_wconf 79' lang='lat' dir='ltr'>(Epad</span> <span class='ocrx_word' id='word_1_129' title='bbox 1251 1849 1321 1916; x_wconf 71' lang='lat' dir='ltr'>uio.</span> 
     </span>
     <span class='ocr_line' id='line_1_14' title="bbox 158 1966 1321 2058; baseline 0.002 -26"><span class='ocrx_word' id='word_1_130' title='bbox 158 1969 215 2035; x_wconf 92' lang='lat' dir='ltr'>lll.</span> <span class='ocrx_word' id='word_1_131' title='bbox 245 1973 314 2035; x_wconf 80' lang='lat' dir='ltr'>let</span> <span class='ocrx_word' id='word_1_132' title='bbox 334 1968 366 2058; x_wconf 82' lang='lat'>9)</span> <span class='ocrx_word' id='word_1_133' title='bbox 391 1966 544 2057; x_wconf 83' lang='lat' dir='ltr'>significat</span> <span class='ocrx_word' id='word_1_134' title='bbox 568 1992 600 2034; x_wconf 90' lang='lat' dir='ltr'>se</span> <span class='ocrx_word' id='word_1_135' title='bbox 626 1989 700 2034; x_wconf 89' lang='lat' dir='ltr'>cum</span> <span class='ocrx_word' id='word_1_136' title='bbox 723 1966 835 2056; x_wconf 85' lang='lat' dir='ltr'>legatis</span> <span class='ocrx_word' id='word_1_137' title='bbox 853 1968 1019 2054; x_wconf 85' lang='lat' dir='ltr'>Appianis,</span> <span class='ocrx_word' id='word_1_138' title='bbox 1043 1991 1105 2033; x_wconf 89' lang='lat' dir='ltr'>non</span> <span class='ocrx_word' id='word_1_139' title='bbox 1129 1987 1211 2042; x_wconf 79' lang='lat' dir='ltr'>tero¹</span> <span class='ocrx_word' id='word_1_140' title='bbox 1226 1970 1321 2055; x_wconf 80' lang='lat' dir='ltr'>Apia-</span> 
     </span>
     <span class='ocr_line' id='line_1_15' title="bbox 156 2083 1321 2176; baseline 0.001 -23"><span class='ocrx_word' id='word_1_141' title='bbox 156 2089 206 2153; x_wconf 89' lang='lat' dir='ltr'>nis</span> <span class='ocrx_word' id='word_1_142' title='bbox 226 2089 335 2176; x_wconf 86' lang='lat' dir='ltr'>egisse.</span> <span class='ocrx_word' id='word_1_143' title='bbox 370 2085 480 2154; x_wconf 83' lang='lat' dir='ltr'>Postea</span> <span class='ocrx_word' id='word_1_144' title='bbox 502 2083 622 2153; x_wconf 84' lang='lat' dir='ltr'>Plinius</span> <span class='ocrx_word' id='word_1_145' title='bbox 645 2109 770 2174; x_wconf 81' lang='lat' dir='ltr'>quoque</span> <span class='ocrx_word' id='word_1_146' title='bbox 789 2089 826 2153; x_wconf 87' lang='lat' dir='ltr'>N.</span> <span class='ocrx_word' id='word_1_147' title='bbox 846 2089 884 2153; x_wconf 87' lang='lat' dir='ltr'>H.</span> <span class='ocrx_word' id='word_1_148' title='bbox 907 2090 946 2156; x_wconf 87' lang='lat' dir='ltr'>V.</span> <span class='ocrx_word' id='word_1_149' title='bbox 965 2108 995 2175; x_wconf 89' lang='lat' dir='ltr'>p.</span> <span class='ocrx_word' id='word_1_150' title='bbox 1015 2089 1079 2154; x_wconf 84' lang='lat'>338</span> <span class='ocrx_word' id='word_1_151' title='bbox 1102 2087 1170 2175; x_wconf 88' lang='lat' dir='ltr'>Bip.</span> <span class='ocrx_word' id='word_1_152' title='bbox 1206 2089 1321 2176; x_wconf 83' lang='lat' dir='ltr'>Appia-</span> 
     </span>
     <span class='ocr_line' id='line_1_16' title="bbox 157 2205 1321 2295; baseline 0.002 -23"><span class='ocrx_word' id='word_1_153' title='bbox 157 2230 215 2272; x_wconf 89' lang='lat' dir='ltr'>nos</span> <span class='ocrx_word' id='word_1_154' title='bbox 233 2209 316 2272; x_wconf 89' lang='lat' dir='ltr'>inter</span> <span class='ocrx_word' id='word_1_155' title='bbox 333 2230 397 2272; x_wconf 88' lang='lat' dir='ltr'>non</span> <span class='ocrx_word' id='word_1_156' title='bbox 417 2205 570 2295; x_wconf 80' lang='lat' dir='ltr'>ignobiles</span> <span class='ocrx_word' id='word_1_157' title='bbox 588 2207 703 2294; x_wconf 79' lang='lat' dir='ltr'>Mysiae</span> <span class='ocrx_word' id='word_1_158' title='bbox 721 2207 854 2294; x_wconf 89' lang='lat' dir='ltr'>populos</span> <span class='ocrx_word' id='word_1_159' title='bbox 873 2208 1039 2274; x_wconf 56' lang='lat' dir='ltr'>recensuit(</span> <span class='ocrx_word' id='word_1_160' title='bbox 1059 2206 1108 2272; x_wconf 79' lang='lat' dir='ltr'>Ad</span> <span class='ocrx_word' id='word_1_161' title='bbox 1128 2211 1321 2274; x_wconf 85' lang='lat' dir='ltr'>Demetrium</span> 
     </span>
     <span class='ocr_line' id='line_1_17' title="bbox 155 2324 1322 2414; baseline 0.003 -24"><span class='ocrx_word' id='word_1_162' title='bbox 155 2325 281 2412; x_wconf 90' lang='lat' dir='ltr'>quidem</span> <span class='ocrx_word' id='word_1_163' title='bbox 304 2349 341 2392; x_wconf 92' lang='lat' dir='ltr'>ea</span> <span class='ocrx_word' id='word_1_164' title='bbox 363 2336 487 2392; x_wconf 92' lang='lat' dir='ltr'>tantum</span> <span class='ocrx_word' id='word_1_165' title='bbox 511 2327 685 2412; x_wconf 87' lang='lat' dir='ltr'>pertinent,</span> <span class='ocrx_word' id='word_1_166' title='bbox 712 2349 792 2412; x_wconf 87' lang='lat' dir='ltr'>quae</span> <span class='ocrx_word' id='word_1_167' title='bbox 814 2324 990 2413; x_wconf 86' lang='lat' dir='ltr'>Stephanus</span> <span class='ocrx_word' id='word_1_168' title='bbox 1009 2327 1103 2393; x_wconf 89' lang='lat' dir='ltr'>habet</span> <span class='ocrx_word' id='word_1_169' title='bbox 1118 2328 1159 2394; x_wconf 91' lang='lat' dir='ltr'>de</span> <span class='ocrx_word' id='word_1_170' title='bbox 1177 2328 1322 2414; x_wconf 77' lang='lat' dir='ltr'>Apidano</span> 
     </span>
     <span class='ocr_line' id='line_1_18' title="bbox 154 2445 1322 2515; baseline 0.004 -5"><span class='ocrx_word' id='word_1_171' title='bbox 154 2445 293 2514; x_wconf 87' lang='lat' dir='ltr'>flumine.</span> <span class='ocrx_word' id='word_1_172' title='bbox 339 2448 407 2512; x_wconf 91' lang='lat' dir='ltr'>Iam</span> <span class='ocrx_word' id='word_1_173' title='bbox 431 2469 507 2512; x_wconf 89' lang='lat' dir='ltr'>vero</span> <span class='ocrx_word' id='word_1_174' title='bbox 528 2447 605 2512; x_wconf 89' lang='lat' dir='ltr'>haec</span> <span class='ocrx_word' id='word_1_175' title='bbox 628 2445 706 2512; x_wconf 89' lang='lat' dir='ltr'>nihil</span> <span class='ocrx_word' id='word_1_176' title='bbox 730 2471 897 2512; x_wconf 82' lang='lat' dir='ltr'>commune</span> <span class='ocrx_word' id='word_1_177' title='bbox 920 2448 1036 2513; x_wconf 88' lang='lat' dir='ltr'>habent</span> <span class='ocrx_word' id='word_1_178' title='bbox 1062 2471 1134 2514; x_wconf 85' lang='lat' dir='ltr'>cum</span> <span class='ocrx_word' id='word_1_179' title='bbox 1158 2449 1259 2515; x_wconf 88' lang='lat' dir='ltr'>verbis</span> <span class='ocrx_word' id='word_1_180' title='bbox 1282 2449 1322 2515; x_wconf 91' lang='lat' dir='ltr'>de</span> 
     </span>
    </p>
   </div>
   <div class='ocr_carea' id='block_1_7' title="bbox 154 2565 1406 2670">
    <p class='ocr_par' dir='ltr' id='par_1_8' title="bbox 154 2565 1406 2670">
     <span class='ocr_line' id='line_1_19' title="bbox 154 2565 1406 2670; baseline 0.002 -39"><span class='ocrx_word' id='word_1_181' title='bbox 154 2567 270 2650; x_wconf 77' lang='grc' dir='ltr'><em>Ἀπία,</em></span> <span class='ocrx_word' id='word_1_182' title='bbox 303 2567 416 2653; x_wconf 87' lang='lat' dir='ltr'>quibus</span> <span class='ocrx_word' id='word_1_183' title='bbox 445 2566 529 2654; x_wconf 91' lang='lat' dir='ltr'>quod</span> <span class='ocrx_word' id='word_1_184' title='bbox 559 2589 645 2630; x_wconf 90' lang='lat' dir='ltr'>nuno</span> <span class='ocrx_word' id='word_1_185' title='bbox 671 2567 852 2653; x_wconf 87' lang='lat' dir='ltr'>interposita</span> <span class='ocrx_word' id='word_1_186' title='bbox 882 2565 1044 2655; x_wconf 90' lang='lat' dir='ltr'>legantur,</span> <span class='ocrx_word' id='word_1_187' title='bbox 1075 2590 1139 2633; x_wconf 91' lang='lat' dir='ltr'>non</span> <span class='ocrx_word' id='word_1_188' title='bbox 1162 2568 1322 2655; x_wconf 87' lang='lat' dir='ltr'>Stephano</span> <span class='ocrx_word' id='word_1_189' title='bbox 1405 2649 1406 2670; x_wconf 13' lang='grc' dir='ltr'><strong>Χ</strong></span> 
     </span>
    </p>
   </div>
   <div class='ocr_carea' id='block_1_8' title="bbox 155 2671 1406 2773">
    <p class='ocr_par' dir='ltr' id='par_1_9' title="bbox 155 2671 1406 2773">
     <span class='ocr_line' id='line_1_20' title="bbox 155 2671 1406 2773; baseline 0.002 -23"><span class='ocrx_word' id='word_1_190' title='bbox 155 2697 210 2751; x_wconf 90' lang='lat' dir='ltr'>aut</span> <span class='ocrx_word' id='word_1_191' title='bbox 232 2688 445 2773; x_wconf 87' lang='lat' dir='ltr'>epitomatori‚</span> <span class='ocrx_word' id='word_1_192' title='bbox 470 2686 523 2752; x_wconf 88' lang='lat' dir='ltr'>sed</span> <span class='ocrx_word' id='word_1_193' title='bbox 546 2685 681 2751; x_wconf 90' lang='lat' dir='ltr'>librariis</span> <span class='ocrx_word' id='word_1_194' title='bbox 704 2686 905 2752; x_wconf 88' lang='lat' dir='ltr'>tribuendum</span> <span class='ocrx_word' id='word_1_195' title='bbox 925 2685 1057 2752; x_wconf 88' lang='lat' dir='ltr'>videtur.</span> <span class='ocrx_word' id='word_1_196' title='bbox 1105 2686 1168 2766; x_wconf 88' lang='lat' dir='ltr'>Qui</span> <span class='ocrx_word' id='word_1_197' title='bbox 1189 2687 1232 2752; x_wconf 89' lang='lat' dir='ltr'>ita</span> <span class='ocrx_word' id='word_1_198' title='bbox 1252 2687 1321 2752; x_wconf 87' lang='lat' dir='ltr'>fac·</span> <span class='ocrx_word' id='word_1_199' title='bbox 1405 2671 1406 2726; x_wconf 64' lang='grc' dir='ltr'><em>ί</em></span> 
     </span>
    </p>
   </div>
   <div class='ocr_carea' id='block_1_9' title="bbox 155 2805 1322 3248">
    <p class='ocr_par' dir='ltr' id='par_1_10' title="bbox 155 2805 1322 3248">
     <span class='ocr_line' id='line_1_21' title="bbox 155 2805 1320 2885; baseline 0 -15"><span class='ocrx_word' id='word_1_200' title='bbox 155 2817 224 2873; x_wconf 89' lang='lat' dir='ltr'>tum</span> <span class='ocrx_word' id='word_1_201' title='bbox 247 2807 301 2885; x_wconf 87' lang='lat' dir='ltr'>sit,</span> <span class='ocrx_word' id='word_1_202' title='bbox 331 2807 435 2871; x_wconf 88' lang='lat' dir='ltr'>minus</span> <span class='ocrx_word' id='word_1_203' title='bbox 457 2805 627 2871; x_wconf 85' lang='lat' dir='ltr'>obscurum</span> <span class='ocrx_word' id='word_1_204' title='bbox 651 2808 727 2885; x_wconf 88' lang='lat' dir='ltr'>erit,</span> <span class='ocrx_word' id='word_1_205' title='bbox 752 2808 775 2870; x_wconf 90' lang='lat' dir='ltr'>si</span> <span class='ocrx_word' id='word_1_206' title='bbox 798 2805 931 2883; x_wconf 82' lang='lat' dir='ltr'>tenebis,</span> <span class='ocrx_word' id='word_1_207' title='bbox 961 2807 993 2870; x_wconf 89' lang='lat' dir='ltr'>in</span> <span class='ocrx_word' id='word_1_208' title='bbox 1017 2807 1118 2871; x_wconf 88' lang='lat' dir='ltr'>verbis</span> <span class='ocrx_word' id='word_1_209' title='bbox 1141 2807 1204 2871; x_wconf 81' lang='grc' dir='ltr'><em>νίπδ</em></span> <span class='ocrx_word' id='word_1_210' title='bbox 1227 2807 1320 2870; x_wconf 86' lang='grc' dir='ltr'><em>Ἀπι-</em></span> 
     </span>
     <span class='ocr_line' id='line_1_22' title="bbox 159 2923 1322 3006; baseline 0 -16"><span class='ocrx_word' id='word_1_211' title='bbox 159 2923 240 3000; x_wconf 82' lang='grc' dir='ltr'><em>δίνος</em></span> <span class='ocrx_word' id='word_1_212' title='bbox 269 2929 413 3004; x_wconf 76' lang='grc' dir='ltr'><em>ποταμοῦ</em></span> <span class='ocrx_word' id='word_1_213' title='bbox 445 2925 462 3000; x_wconf 73' lang='grc' dir='ltr'>ἢ</span> <span class='ocrx_word' id='word_1_214' title='bbox 494 2928 548 2989; x_wconf 80' lang='grc' dir='ltr'>τοῦ</span> <span class='ocrx_word' id='word_1_215' title='bbox 578 2923 642 2989; x_wconf 79' lang='grc' dir='ltr'><em>νίοῦ</em></span> <span class='ocrx_word' id='word_1_216' title='bbox 670 2924 822 3003; x_wconf 80' lang='grc' dir='ltr'><em>Φορωνέως</em></span> <span class='ocrx_word' id='word_1_217' title='bbox 845 2925 976 2997; x_wconf 87' lang='grc' dir='ltr'><em>’Ἀπιδνς</em></span> <span class='ocrx_word' id='word_1_218' title='bbox 999 2925 1194 3006; x_wconf 67' lang='grc' dir='ltr'>Δημήτριος,</span> <span class='ocrx_word' id='word_1_219' title='bbox 1227 2947 1322 2991; x_wconf 83' lang='lat' dir='ltr'>voea-</span> 
     </span>
     <span class='ocr_line' id='line_1_23' title="bbox 156 3041 1321 3132; baseline 0 -22"><span class='ocrx_word' id='word_1_220' title='bbox 156 3045 269 3110; x_wconf 89' lang='lat' dir='ltr'>bulum</span> <span class='ocrx_word' id='word_1_221' title='bbox 295 3045 426 3116; x_wconf 80' lang='grc' dir='ltr'><em>’Ἀπιδος</em></span> <span class='ocrx_word' id='word_1_222' title='bbox 458 3043 497 3108; x_wconf 89' lang='lat' dir='ltr'>ab</span> <span class='ocrx_word' id='word_1_223' title='bbox 525 3041 687 3109; x_wconf 82' lang='lat' dir='ltr'>Ilolstenio</span> <span class='ocrx_word' id='word_1_224' title='bbox 716 3045 893 3110; x_wconf 85' lang='lat' dir='ltr'>restitutum</span> <span class='ocrx_word' id='word_1_225' title='bbox 916 3066 981 3110; x_wconf 83' lang='lat' dir='ltr'>esse</span> <span class='ocrx_word' id='word_1_226' title='bbox 1007 3061 1065 3132; x_wconf 82' lang='lat' dir='ltr'>pto</span> <span class='ocrx_word' id='word_1_227' title='bbox 1087 3044 1197 3111; x_wconf 72' lang='lat' dir='ltr'>vitiosa</span> <span class='ocrx_word' id='word_1_228' title='bbox 1220 3044 1321 3111; x_wconf 89' lang='lat' dir='ltr'>libro-</span> 
     </span>
     <span class='ocr_line' id='line_1_24' title="bbox 156 3163 1321 3248; baseline 0.002 -20"><span class='ocrx_word' id='word_1_229' title='bbox 156 3185 228 3228; x_wconf 89' lang='lat' dir='ltr'>rum</span> <span class='ocrx_word' id='word_1_230' title='bbox 253 3163 407 3248; x_wconf 86' lang='lat' dir='ltr'>scriptura</span> <span class='ocrx_word' id='word_1_231' title='bbox 430 3163 599 3236; x_wconf 86' lang='grc' dir='ltr'><em>Ἀπιδίνος.</em></span> <span class='ocrx_word' id='word_1_232' title='bbox 648 3165 755 3245; x_wconf 88' lang='lat' dir='ltr'>Quum</span> <span class='ocrx_word' id='word_1_233' title='bbox 786 3175 891 3230; x_wconf 89' lang='lat' dir='ltr'>autem</span> <span class='ocrx_word' id='word_1_234' title='bbox 918 3165 1075 3238; x_wconf 83' lang='grc' dir='ltr'><em>Ἀπιδίνος</em></span> <span class='ocrx_word' id='word_1_235' title='bbox 1100 3175 1132 3230; x_wconf 87' lang='lat' dir='ltr'>et</span> <span class='ocrx_word' id='word_1_236' title='bbox 1153 3165 1321 3238; x_wconf 80' lang='grc' dir='ltr'>Ἀπιδανός</span> 
     </span>
    </p>
   </div>
   <div class='ocr_carea' id='block_1_10' title="bbox 156 3281 1406 3370">
    <p class='ocr_par' dir='ltr' id='par_1_11' title="bbox 156 3281 1406 3370">
     <span class='ocr_line' id='line_1_25' title="bbox 156 3281 1406 3370; baseline 0 -22"><span class='ocrx_word' id='word_1_237' title='bbox 156 3305 270 3370; x_wconf 87' lang='lat' dir='ltr'>parum</span> <span class='ocrx_word' id='word_1_238' title='bbox 293 3284 376 3348; x_wconf 90' lang='lat' dir='ltr'>inter</span> <span class='ocrx_word' id='word_1_239' title='bbox 398 3305 430 3348; x_wconf 80' lang='lat' dir='ltr'>re</span> <span class='ocrx_word' id='word_1_240' title='bbox 452 3281 616 3362; x_wconf 88' lang='lat' dir='ltr'>differunt,</span> <span class='ocrx_word' id='word_1_241' title='bbox 641 3283 758 3348; x_wconf 87' lang='lat' dir='ltr'>lemma</span> <span class='ocrx_word' id='word_1_242' title='bbox 779 3283 855 3348; x_wconf 90' lang='lat' dir='ltr'>olim</span> <span class='ocrx_word' id='word_1_243' title='bbox 878 3294 910 3348; x_wconf 85' lang='lat' dir='ltr'>et</span> <span class='ocrx_word' id='word_1_244' title='bbox 932 3283 1102 3370; x_wconf 85' lang='lat' dir='ltr'>quaedam,</span> <span class='ocrx_word' id='word_1_245' title='bbox 1135 3284 1175 3350; x_wconf 89' lang='lat' dir='ltr'>ad</span> <span class='ocrx_word' id='word_1_246' title='bbox 1197 3285 1235 3356; x_wconf 79' lang='grc' dir='ltr'>ὦς</span> <span class='ocrx_word' id='word_1_247' title='bbox 1261 3293 1322 3348; x_wconf 88' lang='grc' dir='ltr'><strong>Τι-</strong></span> <span class='ocrx_word' id='word_1_248' title='bbox 1405 3349 1406 3368; x_wconf 20' lang='grc' dir='ltr'><em>ς</em></span> 
     </span>
    </p>
   </div>
   <div class='ocr_carea' id='block_1_11' title="bbox 153 3400 1323 4451">
    <p class='ocr_par' dir='ltr' id='par_1_12' title="bbox 153 3400 1323 4327">
     <span class='ocr_line' id='line_1_26' title="bbox 157 3400 1323 3492; baseline 0.004 -26"><span class='ocrx_word' id='word_1_249' title='bbox 157 3401 303 3480; x_wconf 79' lang='grc' dir='ltr'><em>μοσίένης</em></span> <span class='ocrx_word' id='word_1_250' title='bbox 334 3425 449 3488; x_wconf 87' lang='lat' dir='ltr'>usque,</span> <span class='ocrx_word' id='word_1_251' title='bbox 485 3400 673 3482; x_wconf 81' lang='lat' dir='ltr'>exciderint,</span> <span class='ocrx_word' id='word_1_252' title='bbox 709 3413 878 3490; x_wconf 86' lang='lat' dir='ltr'>posteaque</span> <span class='ocrx_word' id='word_1_253' title='bbox 908 3402 940 3466; x_wconf 91' lang='lat' dir='ltr'>in</span> <span class='ocrx_word' id='word_1_254' title='bbox 968 3405 1113 3492; x_wconf 81' lang='lat' dir='ltr'>margine</span> <span class='ocrx_word' id='word_1_255' title='bbox 1142 3425 1201 3491; x_wconf 91' lang='lat' dir='ltr'>pro</span> <span class='ocrx_word' id='word_1_256' title='bbox 1232 3415 1323 3492; x_wconf 80' lang='lat' dir='ltr'>parte</span> 
     </span>
     <span class='ocr_line' id='line_1_27' title="bbox 157 3519 1323 3610; baseline 0.003 -24"><span class='ocrx_word' id='word_1_257' title='bbox 157 3520 329 3608; x_wconf 82' lang='lat' dir='ltr'>adscripta,</span> <span class='ocrx_word' id='word_1_258' title='bbox 352 3520 385 3586; x_wconf 90' lang='lat' dir='ltr'>in</span> <span class='ocrx_word' id='word_1_259' title='bbox 409 3519 547 3586; x_wconf 85' lang='lat' dir='ltr'>alienum</span> <span class='ocrx_word' id='word_1_260' title='bbox 570 3521 675 3588; x_wconf 85' lang='lat' dir='ltr'>locum</span> <span class='ocrx_word' id='word_1_261' title='bbox 693 3522 796 3588; x_wconf 88' lang='lat' dir='ltr'>delata</span> <span class='ocrx_word' id='word_1_262' title='bbox 815 3522 948 3601; x_wconf 81' lang='lat' dir='ltr'>fuerint3</span> <span class='ocrx_word' id='word_1_263' title='bbox 975 3533 1166 3610; x_wconf 84' lang='lat' dir='ltr'>quapropter</span> <span class='ocrx_word' id='word_1_264' title='bbox 1183 3525 1216 3588; x_wconf 92' lang='lat' dir='ltr'>in</span> <span class='ocrx_word' id='word_1_265' title='bbox 1235 3523 1323 3590; x_wconf 86' lang='lat' dir='ltr'>hunc</span> 
     </span>
     <span class='ocr_line' id='line_1_28' title="bbox 157 3613 1322 3728; baseline 0.003 -23"><span class='ocrx_word' id='word_1_266' title='bbox 157 3640 223 3705; x_wconf 84' lang='lat' dir='ltr'>fere</span> <span class='ocrx_word' id='word_1_267' title='bbox 245 3613 381 3705; x_wconf 26' lang='lat' dir='ltr'>modum.</span> <span class='ocrx_word' id='word_1_268' title='bbox 397 3640 475 3706; x_wconf 86' lang='lat' dir='ltr'>haec</span> <span class='ocrx_word' id='word_1_269' title='bbox 497 3641 671 3728; x_wconf 87' lang='lat' dir='ltr'>supplenda</span> <span class='ocrx_word' id='word_1_270' title='bbox 694 3641 856 3707; x_wconf 85' lang='lat' dir='ltr'>videntur:</span> <span class='ocrx_word' id='word_1_271' title='bbox 881 3642 926 3706; x_wconf 76' lang='lat' dir='ltr'>Tb</span> <span class='ocrx_word' id='word_1_272' title='bbox 944 3643 1055 3708; x_wconf 80' lang='grc' dir='ltr'><em>ε’ίνικδι</em></span> <span class='ocrx_word' id='word_1_273' title='bbox 1074 3644 1203 3716; x_wconf 68' lang='lat' dir='ltr'>‘Arisbe</span> <span class='ocrx_word' id='word_1_274' title='bbox 1223 3644 1322 3720; x_wconf 71' lang='grc' dir='ltr'><em>δηλῶν</em></span> 
     </span>
     <span class='ocr_line' id='line_1_29' title="bbox 157 3761 1321 3838; baseline 0.003 -13"><span class='ocrx_word' id='word_1_275' title='bbox 157 3761 209 3826; x_wconf 76' lang='grc' dir='ltr'>τὸν</span> <span class='ocrx_word' id='word_1_276' title='bbox 234 3761 485 3837; x_wconf 72' lang='grc' dir='ltr'><em>Πελοποννήσιον.</em></span> <span class='ocrx_word' id='word_1_277' title='bbox 521 3762 573 3825; x_wconf 82' lang='grc' dir='ltr'><em>καί</em></span> <span class='ocrx_word' id='word_1_278' title='bbox 604 3763 749 3838; x_wconf 65' lang='lat' dir='ltr'>&#39;notato</span> <span class='ocrx_word' id='word_1_279' title='bbox 773 3766 807 3828; x_wconf 83' lang='grc' dir='ltr'>πδ</span> <span class='ocrx_word' id='word_1_280' title='bbox 830 3765 865 3828; x_wconf 80' lang='grc' dir='ltr'>ἐκ</span> <span class='ocrx_word' id='word_1_281' title='bbox 884 3761 978 3828; x_wconf 85' lang='grc' dir='ltr'><em>πίπον</em></span> <span class='ocrx_word' id='word_1_282' title='bbox 1004 3761 1056 3827; x_wconf 75' lang='grc' dir='ltr'><em>καί</em></span> <span class='ocrx_word' id='word_1_283' title='bbox 1081 3761 1239 3836; x_wconf 81' lang='grc' dir='ltr'><em>Ἀνιιδίνες</em></span> <span class='ocrx_word' id='word_1_284' title='bbox 1265 3764 1321 3829; x_wconf 73' lang='grc' dir='ltr'><em>καί</em></span> 
     </span>
     <span class='ocr_line' id='line_1_30' title="bbox 158 3881 1322 3968; baseline 0.004 -25"><span class='ocrx_word' id='word_1_285' title='bbox 158 3881 349 3954; x_wconf 79' lang='grc' dir='ltr'><em>Ἀνιιδονῆες.</em></span> <span class='ocrx_word' id='word_1_286' title='bbox 373 3881 531 3952; x_wconf 82' lang='grc' dir='ltr'><em>Ἀπιδίνες</em></span> <span class='ocrx_word' id='word_1_287' title='bbox 552 3881 583 3946; x_wconf 77' lang='grc' dir='ltr'>δὲ</span> <span class='ocrx_word' id='word_1_288' title='bbox 605 3881 658 3946; x_wconf 78' lang='grc' dir='ltr'><em>καὶ</em></span> <span class='ocrx_word' id='word_1_289' title='bbox 679 3883 705 3946; x_wconf 81' lang='lat' dir='ltr'>oi</span> <span class='ocrx_word' id='word_1_290' title='bbox 725 3883 873 3968; x_wconf 83' lang='grc' dir='ltr'><em>Ἀραοίδες</em></span> <span class='ocrx_word' id='word_1_291' title='bbox 892 3884 955 3948; x_wconf 68' lang='lat' dir='ltr'>ant</span> <span class='ocrx_word' id='word_1_292' title='bbox 977 3881 1134 3956; x_wconf 85' lang='grc' dir='ltr'><em>Ἀπιδίννς</em></span> <span class='ocrx_word' id='word_1_293' title='bbox 1158 3887 1322 3964; x_wconf 68' lang='grc' dir='ltr'><em>ποταμοῦ,</em></span> 
     </span>
     <span class='ocr_line' id='line_1_31' title="bbox 159 3999 1322 4083; baseline 0.003 -19"><span class='ocrx_word' id='word_1_294' title='bbox 159 3999 176 4074; x_wconf 77' lang='grc' dir='ltr'><strong><em>ἢ</em></strong></span> <span class='ocrx_word' id='word_1_295' title='bbox 200 4004 254 4064; x_wconf 78' lang='grc' dir='ltr'>τοῦ</span> <span class='ocrx_word' id='word_1_296' title='bbox 277 4001 342 4064; x_wconf 84' lang='grc' dir='ltr'><em>οἱοῦ</em></span> <span class='ocrx_word' id='word_1_297' title='bbox 368 3999 521 4078; x_wconf 77' lang='grc' dir='ltr'><em>Φορωνίας</em></span> <span class='ocrx_word' id='word_1_298' title='bbox 541 3999 684 4073; x_wconf 73' lang='grc' dir='ltr'><em>Ἀπιδος.</em></span> <span class='ocrx_word' id='word_1_299' title='bbox 716 4002 795 4083; x_wconf 73' lang='grc' dir='ltr'>Φησὶ</span> <span class='ocrx_word' id='word_1_300' title='bbox 819 4003 850 4068; x_wconf 80' lang='grc' dir='ltr'>δὲ</span> <span class='ocrx_word' id='word_1_301' title='bbox 875 4002 926 4066; x_wconf 75' lang='grc' dir='ltr'><em>καί</em></span> <span class='ocrx_word' id='word_1_302' title='bbox 951 4001 1011 4074; x_wconf 78' lang='grc' dir='ltr'><em>σας</em></span> <span class='ocrx_word' id='word_1_303' title='bbox 1035 4000 1180 4083; x_wconf 74' lang='grc' dir='ltr'><em>νίχριίδας</em></span> <span class='ocrx_word' id='word_1_304' title='bbox 1203 4003 1262 4076; x_wconf 77' lang='grc' dir='ltr'>τὰς</span> <span class='ocrx_word' id='word_1_305' title='bbox 1290 4005 1322 4068; x_wconf 83' lang='grc' dir='ltr'>ἕν</span> 
     </span>
     <span class='ocr_line' id='line_1_32' title="bbox 156 4117 1322 4208; baseline 0.005 -26"><span class='ocrx_word' id='word_1_306' title='bbox 156 4118 258 4201; x_wconf 62' lang='grc' dir='ltr'><em>ταύτῃ</em></span> <span class='ocrx_word' id='word_1_307' title='bbox 276 4123 316 4201; x_wconf 67' lang='grc' dir='ltr'>τῇ</span> <span class='ocrx_word' id='word_1_308' title='bbox 341 4117 427 4201; x_wconf 75' lang='grc' dir='ltr'><em>χώρα</em></span> <span class='ocrx_word' id='word_1_309' title='bbox 455 4118 487 4208; x_wconf 90' lang='lat' dir='ltr'>(i.</span> <span class='ocrx_word' id='word_1_310' title='bbox 507 4142 534 4185; x_wconf 89' lang='lat' dir='ltr'>e.</span> <span class='ocrx_word' id='word_1_311' title='bbox 558 4121 591 4185; x_wconf 91' lang='lat' dir='ltr'>in</span> <span class='ocrx_word' id='word_1_312' title='bbox 616 4120 846 4208; x_wconf 85' lang='lat' dir='ltr'>Peloponneso,</span> <span class='ocrx_word' id='word_1_313' title='bbox 877 4121 1041 4208; x_wconf 85' lang='lat' dir='ltr'>hucusque</span> <span class='ocrx_word' id='word_1_314' title='bbox 1068 4120 1108 4186; x_wconf 90' lang='lat' dir='ltr'>ad</span> <span class='ocrx_word' id='word_1_315' title='bbox 1129 4122 1185 4194; x_wconf 77' lang='grc' dir='ltr'>τῆς</span> <span class='ocrx_word' id='word_1_316' title='bbox 1209 4121 1322 4204; x_wconf 79' lang='grc' dir='ltr'><em>Τρωσί·</em></span> 
     </span>
     <span class='ocr_line' id='line_1_33' title="bbox 153 4236 918 4327; baseline 0.01 -26"><span class='ocrx_word' id='word_1_317' title='bbox 153 4238 201 4310; x_wconf 87' lang='grc' dir='ltr'>δος</span> <span class='ocrx_word' id='word_1_318' title='bbox 225 4236 411 4327; x_wconf 87' lang='lat' dir='ltr'>pertinebat)</span> <span class='ocrx_word' id='word_1_319' title='bbox 437 4239 601 4318; x_wconf 75' lang='grc' dir='ltr'><em>γινομένας</em></span> <span class='ocrx_word' id='word_1_320' title='bbox 625 4277 670 4292; x_wconf 89' lang='lat'>·-</span> <span class='ocrx_word' id='word_1_321' title='bbox 692 4242 918 4324; x_wconf 73' lang='grc' dir='ltr'><em>προςανορειίει.</em></span> 
     </span>
    </p>

    <p class='ocr_par' dir='ltr' id='par_1_13' title="bbox 203 4355 1317 4451">
     <span class='ocr_line' id='line_1_34' title="bbox 203 4355 1317 4451; baseline 0.005 -31"><span class='ocrx_word' id='word_1_322' title='bbox 203 4355 438 4443; x_wconf 74' lang='grc' dir='ltr'><em>ΓΑπιδανίς,</em></span> <span class='ocrx_word' id='word_1_323' title='bbox 463 4361 604 4439; x_wconf 78' lang='grc' dir='ltr'><em>ποταμὸς</em></span> <span class='ocrx_word' id='word_1_324' title='bbox 630 4358 837 4449; x_wconf 69' lang='grc' dir='ltr'><em>Θεσσαλίας]</em></span> <span class='ocrx_word' id='word_1_325' title='bbox 866 4363 1040 4446; x_wconf 73' lang='grc' dir='ltr'><em>Δημήτριος</em></span> <span class='ocrx_word' id='word_1_326' title='bbox 1060 4363 1092 4428; x_wconf 76' lang='grc' dir='ltr'>δὲ</span> <span class='ocrx_word' id='word_1_327' title='bbox 1112 4362 1164 4428; x_wconf 79' lang='grc' dir='ltr'>καὶ</span> <span class='ocrx_word' id='word_1_328' title='bbox 1190 4355 1317 4451; x_wconf 69' lang='grc' dir='ltr'>[ἄλλον]</span> 
     </span>
    </p>
   </div>
   <div class='ocr_carea' id='block_1_12' title="bbox 0 0 1417 4540">
    <p class='ocr_par' dir='ltr' id='par_1_14' title="bbox 0 0 1417 4540">
     <span class='ocr_line' id='line_1_35' title="bbox 0 0 1417 4540; baseline 0 0"><span class='ocrx_word' id='word_1_329' title='bbox 0 0 1417 4540; x_wconf 95' lang='lat' dir='ltr'> </span> 
     </span>
    </p>
   </div>
  </div>
 </body>
</html>
