2848 4546
741 310 784 374 84

180 541 263 600 recte
297 542 387 620 putat
420 555 484 598 non
514 531 673 598 diversum
703 531 840 598 fuisses
869 535 987 612 τεχνῶν
1018 539 1208 614 συναγωγῇ,
1232 551 1251 594 a
1278 528 1350 594 Dio·

92 713 95 718 .
179 676 260 741 geue
290 655 323 721 l..
349 655 386 722 V.
408 655 450 719 24
483 654 566 719 inter
598 653 773 719 Aristotelis
795 675 891 740 opera
913 651 1075 717 recensita.
1122 652 1243 736 Reapse
1266 650 1351 714 enirn

178 772 346 838 haeserat
369 773 502 852 ε’τιτομῆ
529 778 587 837 τῶν
613 771 757 855 ρητόρων,
782 770 964 837 Aristoteles
986 769 1028 835 ihi
1047 779 1167 836 veteres
1185 770 1352 855 scrIptores

182 892 298 988 artium
311 915 329 957 a
341 891 482 978 principe
501 892 582 956 Tisia
595 891 746 957 conduxit
761 902 792 956 et
809 891 995 956 nominatim
1019 890 1170 976 cuiusque
1185 897 1353 976 praecepta

181 1012 334 1098 exposuit.
363 1009 438 1096 (cic.
463 1008 501 1076 de
523 1009 615 1078 Rhet.
639 1012 680 1078 ΙΙ.
706 1013 725 1076 2
749 1010 788 1076 de
810 1010 899 1078 Orat.
915 1012 957 1078 ΙΙ.
980 1009 1035 1095 38)
1068 1012 1153 1076 Haec
1174 1006 1354 1074 Aristotelia
1414 983 1415 990 .

181 1131 313 1209 ἐπιτομὴ
349 1130 450 1209 idem,
487 1152 679 1216 quamquam
708 1129 770 1195 alia
797 1129 836 1194 de
860 1151 971 1207 eausa,
996 1129 1099 1194 effecit
1121 1127 1205 1215 quod
1228 1126 1354 1192 efficere

180 1249 281 1320 solent
315 1250 484 1337 epitomae,
520 1250 581 1314 cito
611 1250 694 1315 enim
723 1259 769 1315 tot
798 1248 1012 1335 antiquiorum
1031 1247 1145 1328 τέχναι
1170 1247 1352 1334 perierunt,

180 1392 279 1454 quum
304 1393 429 1449 omnes,
454 1379 490 1434 ut
513 1370 556 1434 ait
577 1371 698 1448 Cicero,
720 1368 923 1434 'Aristotelem
942 1390 1038 1454 quarn
1058 1368 1140 1454 ipsos
1156 1367 1353 1442 inventores,

179 1487 226 1554 his
249 1487 344 1576 longe
366 1498 577 1574 praestantem
601 1489 687 1554 adire
710 1487 851 1555 mallent.

226 1607 386 1679 ἑνδέκατος
410 1645 454 1656 -—
477 1608 824 1689 τετταρεςκοιιδὲκατος.
847 1606 917 1672 vide
936 1606 1036 1693 Sillig.
1057 1608 1090 1673 G.
1103 1608 1141 1673 A.
1160 1629 1192 1693 p.
1210 1605 1275 1672 443
1289 1629 1353 1691 seq.

224 1725 411 1802 Μηνόδοτος.
449 1728 539 1805 Iure,
575 1736 612 1792 ut
645 1725 784 1805 videtur,
821 1735 911 1813 putat
941 1737 973 1791 et
1001 1725 1155 1792 Mulierus
1179 1727 1212 1792 F.
1232 1728 1271 1793 H.
1296 1725 1353 1792 Gr.

181 1846 238 1911 Ill.
272 1846 333 1912 105
367 1845 455 1912 hunc
488 1870 554 1913 esse
587 1845 788 1912 Menodotum
824 1845 984 1923 Samium,
1013 1846 1068 1931 qui
1097 1843 1136 1910 de
1163 1843 1266 1909 insula
1298 1866 1355 1908 sua
1414 1855 1417 1936 ’Ἴ

182 1966 277 2032 Sama
310 1967 432 2053 scripsit
465 1976 496 2032 et
530 1966 613 2032 circa
644 1964 821 2030 Polemonis
851 1975 993 2050 tempora
1023 1965 1130 2031 vixit.
1156 1965 1256 2029 Nemo
1279 1987 1356 2029 vero
1415 1949 1417 1960 ’

184 2083 276 2150 facile
310 2085 350 2150 ad
384 2083 600 2164 Theodorum,
635 2083 764 2171 Ephesi,
795 2084 828 2148 in
851 2084 956 2148 ionica
979 2083 1058 2149 urhe
1082 2091 1209 2162 natum,
1235 2082 1354 2149 librum

183 2203 277 2270 illum
311 2203 349 2271 de
382 2205 512 2269 Iunonis
545 2203 679 2290 templo,
715 2225 796 2290 quae
830 2201 889 2268 fuit
911 2203 1009 2282 Sami,
1041 2202 1153 2268 Dorice
1183 2203 1354 2289 scriptum,

183 2324 308 2391 referet.
339 2309 340 2312 Ἴ

227 2442 391 2527 Θεοφάνης
424 2443 479 2530 qui
506 2443 573 2525 περὶ
604 2448 764 2526 γραφικῆς
793 2443 914 2528 scripsit
944 2442 1088 2528 quisnam
1112 2441 1222 2522 fuerit,
1247 2441 1355 2506 incer-

185 2575 270 2645 tum;
309 2571 392 2631 certe
426 2563 585 2649 antiquior
615 2561 708 2628 fuisse
737 2561 896 2648 putandus
919 2571 964 2626 est
987 2585 1059 2626 curn
1082 2561 1233 2640 Mullero,
1258 2583 1356 2648 quam

185 2683 298 2751 nobilis
327 2681 485 2753 τολιτικός
514 2679 721 2763 συγγραφεύς
741 2681 944 2767 Theophanes
966 2680 1186 2768 Mytilenaeus,
1207 2682 1359 2767 Pompeio

188 2806 303 2891 Magno
326 2801 585 2866 familiarissimus
607 2809 639 2866 et
661 2801 685 2866 si
708 2802 776 2887 quis
799 2801 879 2866 alius
902 2823 921 2865 a
944 2801 1078 2866 consiliis
1104 2801 1238 2889 (Muller.
1266 2803 1300 2868 F.
1318 2803 1358 2866 H.

187 2923 244 2989 Gr.
276 2922 410 2987 111312
442 2924 532 3008 seq).
579 2921 636 2985 Hic
670 2920 772 2998 enim,
804 2930 1024 3006 praeterquam
1056 2919 1141 3006 quod
1170 2944 1234 2986 non
1265 2919 1361 2986 facile
1416 2989 1417 3002 ς

189 3041 257 3123 περὶ
287 3047 448 3124 γραφικῆς
479 3041 653 3128 scripserit,
684 3041 884 3106 allem'etrio
909 3042 1053 3128 Magnete
1075 3040 1127 3105 vix
1150 3041 1252 3127 potuit
1275 3041 1362 3106 testis
1416 3025 1417 3032 ἶ

185 3159 321 3226 laudari.

236 3277 525 3352 πεντεκαιδέκατος.
562 3279 633 3344 Fuit
651 3278 861 3367 Colophonius
883 3291 915 3346 et
936 3281 1101 3346 Aristotele
1124 3254 1294 3367 antiquior.
1320 3279 1363 3345 cf.
1414 3211 1417 3324 l

192 3400 308 3465 Pollux
340 3401 395 3467 IV.
430 3399 490 3478 55,
525 3398 706 3465 Aristoteles
740 3402 770 3465 ἐν
794 3409 833 3475 τῆ
861 3400 1060 3484 Κολοφωνίων
1096 3399 1241 3483 πολιτεία
1276 3398 1366 3486 apud
1416 3477 1417 3482 γ

194 3516 306 3584 Athen.
328 3540 358 3604 p.
385 3519 467 3598 618,
490 3519 605 3585 ltluller
626 3522 659 3586 F.
681 3522 719 3586 H.
743 3521 799 3586 Gr.
823 3522 853 3584 ΙΙ
879 3522 953 3585 164.

239 3635 457 3710 ἑκκαιδέκατος
478 3640 649 3722 γεγραφὼς
665 3639 732 3722 περὶ
754 3646 896 3716 τοιντῶν.
933 3642 1025 3705 Hunc
1044 3663 1108 3705 non
1134 3639 1260 3718 dubito,
1287 3639 1368 3725 quin

194 3757 232 3822 sit
261 3755 442 3822 Theodorus
473 3761 714 3846 grammaticus,
749 3759 913 3846 aliquoties
942 3759 1088 3826 laudatus
1118 3760 1157 3826 ab
1181 3759 1368 3838 Athenaeo,

194 3876 227 3942 in
257 3877 456 3942 Comicorum
485 3877 670 3966 fragmentis
699 3878 891 3944 illustrandis
918 3889 1051 3946 versato.
1098 3878 1187 3966 Opus
1209 3879 1372 3946 Theodori

196 3995 397 4078 γεγραφότος
435 3995 501 4077 περὶ
538 4003 668 4073 τοικτῶν
703 4009 771 4064 erat
803 3999 989 4086 inscriptum
1023 3999 1169 4064 Ἀττικαὶ
1203 4005 1368 4065 fream.

192 4117 280 4212 Haec
306 4115 349 4180 ita
379 4139 411 4179 se
438 4114 553 4180 habere
581 4117 796 4184 demonstrant
823 4120 918 4185 verba
940 4119 1109 4199 Athenaei,
1134 4119 1172 4185 de
1195 4119 1290 4184 variis
1315 4142 1370 4185 co-

195 4233 284 4298 rollis
316 4233 414 4299 locuti
446 4258 478 4322 p.
519 4237 597 4302 678:
638 4239 816 4322 υΘεόδωρος
847 4240 873 4304 δ’
905 4241 935 4304 ἕν
964 4248 1036 4316 ταῖς
1062 4244 1226 4311 Ἀττικαῖς
1258 4239 1372 4304 Γλώτ-

193 4377 263 4424 ταις
297 4334 469 4437 Ιστεφοίνοιν
507 4365 625 4432 τλοκῆς
660 4357 746 4438 γένος
781 4360 867 4441 ταροὶ
903 4359 1048 4427 Πλάτωνι
1083 4356 1229 4448 (comico)
1257 4359 1288 4422 ἕν
1315 4357 1371 4423 Διὶ
