2848 4546
632 251 637 266 ’
712 294 773 360 104

164 504 232 574 lum
256 533 321 575 esse
352 512 521 580 credebant
550 516 631 581 inter
661 516 882 606 ‘geographum
913 526 944 582 et
967 526 1128 582 auctorem
1152 513 1220 580 cius
1242 510 1334 589 libri,

164 628 254 694 cuius
286 643 529 720 argumentum,
565 657 629 700 non
664 659 739 702 vero
769 636 896 714 titulus,
920 647 987 701 erat
1009 636 1147 715 μυθώδης
1174 631 1337 713 reparetur.

164 748 292 824 Illustre
314 750 403 818 nobis
425 763 457 819 et
479 753 678 821 luculentum
707 755 889 842 exemplum
913 755 963 820 vel
985 777 1069 820 unus
1091 748 1340 840 Nymphodorus

165 868 383 956 Syracusanus
405 883 467 938 est:
488 872 586 940 huius
603 874 811 963 Xenophonte
827 876 1039 962 Lampsaceno
1057 871 1241 959 antiquioris
1259 870 1340 936 scri-

165 989 265 1073 ptoris
287 1013 367 1076 opus
389 991 457 1073 περὶ
482 994 742 1077 θαυμαζομένων,
768 1007 799 1061 et
818 996 921 1082 ipsum
940 1003 1008 1060 erat
1026 992 1164 1072 μυθώδης
1186 987 1340 1074 reparetur

165 1115 197 1170 et
219 1107 347 1174 titulum
370 1109 518 1193 Περθπηον
542 1113 692 1194 habebat,
721 1114 859 1202 (Mulier.
881 1116 915 1181 F.
936 1116 975 1182 H.
999 1114 1057 1180 Gr.
1080 1113 1122 1178 11.
1147 1112 1211 1177 375
1235 1109 1338 1196 seqq.)

163 1247 268 1311 neque
300 1238 406 1295 tamen
436 1231 680 1320 Nymphodorus
702 1235 904 1324 geographus
926 1234 986 1299 fuit
1009 1243 1065 1300 aut
1086 1233 1126 1298 ab
1150 1232 1218 1297 ullo
1241 1229 1339 1295 hebi-

166 1353 217 1410 tus
239 1356 294 1414 est.
340 1350 483 1436 Denique
509 1375 617 1419 errore
647 1378 788 1420 errorem
818 1357 986 1444 gignente,
1018 1375 1118 1441 quum
1138 1350 1258 1418 Plinius
1280 1350 1339 1418 lV.

166 1466 221 1529 27.
248 1467 449 1554 Xenophonti
477 1471 617 1559 Pythean
640 1475 760 1554 verbis,
792 1475 932 1542 sednon
956 1498 1005 1553 re,
1031 1471 1257 1561 coniungebat,
1281 1467 1342 1533 hos

168 1583 249 1650 forte
270 1587 418 1673 aequales
440 1589 533 1656 luisse
556 1592 694 1660 Ukertus
716 1596 833 1683 Geogr.
846 1597 871 1660 Ι.
884 1618 914 1682 p.
931 1597 1010 1674 122,
1033 1617 1073 1658 ex
1096 1592 1189 1658 Plinii
1212 1589 1284 1656 loco
1307 1611 1342 1652 se

166 1726 232 1769 non
251 1707 423 1787 extricans,
448 1719 480 1774 et
502 1710 656 1780 Ukertum
680 1727 805 1780 secutus
827 1713 1017 1802 Forbigerns
1039 1711 1162 1778 llandb.
1175 1709 1205 1777 d.
1218 1709 1341 1796 Geogr.

169 1823 195 1888 1.
218 1847 249 1911 p.
275 1826 350 1891 161.
374 1827 584 1897 crediderunt.

738 2075 778 2138 Ο.

611 2323 903 2380 ΟΝΗΣΙΚΡΙΤΟΙ.

218 2551 424 2639 Diogenes
445 2554 480 2616 L.
497 2554 551 2620 Vl.
576 2556 630 2620 84.
653 2553 876 2635 Ὀνησίκριτος·
901 2558 1008 2619 τοῦτον
1031 2554 1061 2618 οἱ·
1078 2552 1135 2632 μὲν
1150 2550 1343 2629 Αἰγινήτην,

176 2672 352 2751 Δημήτριος
377 2671 404 2736 δ’
427 2670 440 2734 θ
465 2670 603 2750 Μοθγνης
629 2676 858 2738 ’tharentasiensi
882 2673 979 2755 φησὶν
1006 2667 1096 2738 river.

223 2790 383 2855 consentit
408 2811 482 2855 cum
505 2793 663 2856 Demetrio
685 2792 835 2858 Aelianus
856 2793 934 2857 Hist.
957 2792 1062 2858 hnim.
1086 2792 1171 2860 XVI.
1195 2790 1238 2855 39
1262 2787 1348 2853 One-

50 2965 51 2970 ,
177 2907 320 2973 sicritum
353 2908 591 2996 Astypalensem
627 2921 736 2976 testem
766 2911 901 2976 aderens
931 2920 962 2976 et
989 2912 1054 2998 ipse
1076 2911 1139 2975 iam
1164 2931 1183 2973 a
1204 2910 1350 2998 Menagio

179 3027 303 3094 allatus.
350 3029 504 3118 Diogenes
525 3032 685 3110 Laertius,
709 3031 768 3095 nisi
788 3032 812 3096 si
831 3055 904 3097 eum
924 3032 956 3096 in
974 3031 1133 3096 Demetrio
1150 3039 1206 3094 aut
1224 3029 1257 3093 in
1275 3029 1349 3094 Dio-

180 3171 262 3236 gene
276 3171 334 3213 nos
352 3148 579 3234 exemplarium
593 3150 703 3216 vitium
719 3149 813 3229 ludit,
834 3149 973 3238 neglexit
988 3148 1163 3216 exscribere
1174 3147 1351 3214 Onesicrito

181 3266 379 3347 ὁμωνύμους,
416 3289 568 3354 quosnam
599 3279 654 3334 aut
684 3291 854 3356 quemnam
882 3270 1004 3336 noverit
1034 3267 1227 3347 Demetrius,
1263 3289 1351 3332 nunc

181 3388 236 3471 qui
259 3386 359 3469 dicat,
384 3409 519 3474 magnus
541 3387 600 3454 erit
624 3388 749 3474 Apollo.

740 3601 786 3668 Π.

627 3875 910 3932 ΠΑΡΜΕΝΙΔΛΙ.

229 4111 258 4170 1.
283 4103 486 4170 Parmenides
508 4103 624 4170 Eleate.

223 4225 427 4312 Diogenes
457 4225 491 4287 L.
522 4225 577 4292 lx.
609 4225 662 4292 23.
698 4227 879 4307 reserat
914 4227 966 4295 nal
1002 4225 1102 4310 ἕτερον
1138 4225 1353 4308 Πορμενθδησ,

175 4343 272 4424 ῥήτωρ
295 4341 530 4427 τεχνογράφος.
1330 4363 1334 4368 “
