<?xml version="1.0" encoding="UTF-8"?>
<!DOCTYPE html PUBLIC "-//W3C//DTD XHTML 1.0 Transitional//EN"
    "http://www.w3.org/TR/xhtml1/DTD/xhtml1-transitional.dtd">
<html xmlns="http://www.w3.org/1999/xhtml" xml:lang="en" lang="en">
 <head>
  <title>
</title>
<meta http-equiv="Content-Type" content="text/html;charset=utf-8" />
  <meta name='ocr-system' content='tesseract 3.04.00' />
  <meta name='ocr-capabilities' content='ocr_page ocr_carea ocr_par ocr_line ocrx_word'/>
</head>
<body>
  <div class='ocr_page' id='page_1' title='image "./dedemetriomagne00schegoog_0119.png"; bbox 0 0 2848 4546; ppageno 0'>
   <div class='ocr_carea' id='block_1_1' title="bbox 716 287 777 351">
    <p class='ocr_par' dir='ltr' id='par_1_1' title="bbox 716 287 777 351">
     <span class='ocr_line' id='line_1_1' title="bbox 716 287 777 351; baseline 0.033 -2"><span class='ocrx_word' id='word_1_1' title='bbox 716 287 777 351; x_wconf 87' lang='grc'><strong>108</strong></span> 
     </span>
    </p>
   </div>
   <div class='ocr_carea' id='block_1_2' title="bbox 153 503 1332 1541">
    <p class='ocr_par' dir='ltr' id='par_1_2' title="bbox 153 503 1332 1541">
     <span class='ocr_line' id='line_1_2' title="bbox 156 503 1332 595; baseline 0.003 -24"><span class='ocrx_word' id='word_1_2' title='bbox 156 515 188 571; x_wconf 86' lang='lat' dir='ltr'><strong>et</strong></span> <span class='ocrx_word' id='word_1_3' title='bbox 210 506 241 571; x_wconf 88' lang='lat' dir='ltr'><strong>in</strong></span> <span class='ocrx_word' id='word_1_4' title='bbox 265 503 390 572; x_wconf 86' lang='lat' dir='ltr'><strong>brevius</strong></span> <span class='ocrx_word' id='word_1_5' title='bbox 413 516 593 573; x_wconf 88' lang='lat' dir='ltr'><strong>contractus</strong></span> <span class='ocrx_word' id='word_1_6' title='bbox 616 505 734 595; x_wconf 87' lang='lat' dir='ltr'><strong>legitur</strong></span> <span class='ocrx_word' id='word_1_7' title='bbox 756 506 788 571; x_wconf 93' lang='lat' dir='ltr'><strong>in</strong></span> <span class='ocrx_word' id='word_1_8' title='bbox 812 505 917 572; x_wconf 89' lang='lat' dir='ltr'><strong>codice</strong></span> <span class='ocrx_word' id='word_1_9' title='bbox 937 505 1093 588; x_wconf 68' lang='lat' dir='ltr'><strong>Palatium</strong></span> <span class='ocrx_word' id='word_1_10' title='bbox 1118 505 1217 573; x_wconf 83' lang='lat' dir='ltr'>codex</span> <span class='ocrx_word' id='word_1_11' title='bbox 1237 507 1332 574; x_wconf 88' lang='lat' dir='ltr'><strong>Palu·</strong></span> 
     </span>
     <span class='ocr_line' id='line_1_3' title="bbox 155 624 1332 712; baseline 0.004 -23"><span class='ocrx_word' id='word_1_12' title='bbox 155 626 257 700; x_wconf 88' lang='lat' dir='ltr'><strong>tinus,</strong></span> <span class='ocrx_word' id='word_1_13' title='bbox 283 624 394 691; x_wconf 87' lang='lat' dir='ltr'><strong>Suidas</strong></span> <span class='ocrx_word' id='word_1_14' title='bbox 416 648 446 692; x_wconf 92' lang='lat' dir='ltr'><strong>v.</strong></span> <span class='ocrx_word' id='word_1_15' title='bbox 466 626 567 702; x_wconf 84' lang='grc' dir='ltr'><strong><em>“Ἀκη,</em></strong></span> <span class='ocrx_word' id='word_1_16' title='bbox 600 626 796 692; x_wconf 88' lang='lat' dir='ltr'><strong>Bachmanni</strong></span> <span class='ocrx_word' id='word_1_17' title='bbox 822 624 941 692; x_wconf 80' lang='lat' dir='ltr'><strong>Anecd.</strong></span> <span class='ocrx_word' id='word_1_18' title='bbox 965 627 990 692; x_wconf 93' lang='lat'><strong>1.</strong></span> <span class='ocrx_word' id='word_1_19' title='bbox 1016 649 1046 712; x_wconf 88' lang='lat' dir='ltr'><strong>p.</strong></span> <span class='ocrx_word' id='word_1_20' title='bbox 1072 626 1114 692; x_wconf 82' lang='lat'><strong>53</strong></span> <span class='ocrx_word' id='word_1_21' title='bbox 1138 636 1170 691; x_wconf 93' lang='lat' dir='ltr'><strong>et</strong></span> <span class='ocrx_word' id='word_1_22' title='bbox 1191 627 1332 694; x_wconf 86' lang='lat' dir='ltr'><strong>Behkeri</strong></span> 
     </span>
     <span class='ocr_line' id='line_1_4' title="bbox 154 743 1329 828; baseline 0.005 -22"><span class='ocrx_word' id='word_1_23' title='bbox 154 743 272 811; x_wconf 79' lang='lat' dir='ltr'><strong>Anecd.</strong></span> <span class='ocrx_word' id='word_1_24' title='bbox 293 747 318 810; x_wconf 92' lang='grc' dir='ltr'><strong>Ι.</strong></span> <span class='ocrx_word' id='word_1_25' title='bbox 344 747 410 811; x_wconf 85' lang='grc'><strong>364</strong></span> <span class='ocrx_word' id='word_1_26' title='bbox 433 745 564 812; x_wconf 89' lang='lat' dir='ltr'><strong>habent:</strong></span> <span class='ocrx_word' id='word_1_27' title='bbox 586 746 689 822; x_wconf 71' lang='grc' dir='ltr'><strong><em>Ἄκη,</em></strong></span> <span class='ocrx_word' id='word_1_28' title='bbox 714 745 805 819; x_wconf 79' lang='grc' dir='ltr'><strong><em>πόλις</em></strong></span> <span class='ocrx_word' id='word_1_29' title='bbox 821 745 901 821; x_wconf 78' lang='grc' dir='ltr'><strong>αὕτη</strong></span> <span class='ocrx_word' id='word_1_30' title='bbox 918 748 948 810; x_wconf 82' lang='grc' dir='ltr'><strong>ἐν</strong></span> <span class='ocrx_word' id='word_1_31' title='bbox 969 745 1099 828; x_wconf 76' lang='grc' dir='ltr'><strong>Φοινίκη.</strong></span> <span class='ocrx_word' id='word_1_32' title='bbox 1128 747 1329 825; x_wconf 76' lang='grc' dir='ltr'><strong><em>Δημοσθένης</em></strong></span> 
     </span>
     <span class='ocr_line' id='line_1_5' title="bbox 155 865 1329 955; baseline 0 -24"><span class='ocrx_word' id='word_1_33' title='bbox 155 867 186 931; x_wconf 79' lang='grc' dir='ltr'><strong>ἒν</strong></span> <span class='ocrx_word' id='word_1_34' title='bbox 219 866 261 947; x_wconf 80' lang='grc' dir='ltr'><strong>τῷ</strong></span> <span class='ocrx_word' id='word_1_35' title='bbox 285 867 358 947; x_wconf 77' lang='grc' dir='ltr'><strong>πρὸς</strong></span> <span class='ocrx_word' id='word_1_36' title='bbox 387 865 588 932; x_wconf 71' lang='grc' dir='ltr'><strong><em>Κάλλιππον.</em></strong></span> <span class='ocrx_word' id='word_1_37' title='bbox 616 865 676 955; x_wconf 67' lang='grc' dir='ltr'><strong>(ἣν)</strong></span> <span class='ocrx_word' id='word_1_38' title='bbox 709 865 814 944; x_wconf 79' lang='grc' dir='ltr'><strong><em>οἱμὲν</em></strong></span> <span class='ocrx_word' id='word_1_39' title='bbox 838 867 893 940; x_wconf 77' lang='grc' dir='ltr'><strong>την</strong></span> <span class='ocrx_word' id='word_1_40' title='bbox 922 872 974 932; x_wconf 81' lang='grc' dir='ltr'><strong>νῦν</strong></span> <span class='ocrx_word' id='word_1_41' title='bbox 1006 866 1215 945; x_wconf 77' lang='grc' dir='ltr'><strong><em>Πτολεμαΐδα</em></strong></span> <span class='ocrx_word' id='word_1_42' title='bbox 1249 865 1329 934; x_wconf 76' lang='grc' dir='ltr'><strong>οὕτω</strong></span> 
     </span>
     <span class='ocr_line' id='line_1_6' title="bbox 155 984 1328 1069; baseline 0.003 -21"><span class='ocrx_word' id='word_1_43' title='bbox 155 984 260 1050; x_wconf 72' lang='grc' dir='ltr'><strong><em>παλαι</em></strong></span> <span class='ocrx_word' id='word_1_44' title='bbox 290 987 392 1068; x_wconf 78' lang='grc' dir='ltr'><strong>φασὶν</strong></span> <span class='ocrx_word' id='word_1_45' title='bbox 427 985 642 1069; x_wconf 70' lang='grc' dir='ltr'><strong>ὀνομάζεσθαι.</strong></span> <span class='ocrx_word' id='word_1_46' title='bbox 691 986 867 1066; x_wconf 65' lang='grc' dir='ltr'><strong>Δημήτριος</strong></span> <span class='ocrx_word' id='word_1_47' title='bbox 896 986 928 1050; x_wconf 78' lang='grc' dir='ltr'><strong>δὲ</strong></span> <span class='ocrx_word' id='word_1_48' title='bbox 962 987 995 1051; x_wconf 84' lang='grc' dir='ltr'><strong>οὐ</strong></span> <span class='ocrx_word' id='word_1_49' title='bbox 1029 986 1085 1060; x_wconf 72' lang='grc' dir='ltr'><strong>την</strong></span> <span class='ocrx_word' id='word_1_50' title='bbox 1117 985 1209 1052; x_wconf 82' lang='grc' dir='ltr'><strong><em>πόλιν</em></strong></span> <span class='ocrx_word' id='word_1_51' title='bbox 1235 987 1328 1052; x_wconf 71' lang='grc' dir='ltr'><strong><em>αλλὰ</em></strong></span> 
     </span>
     <span class='ocr_line' id='line_1_7' title="bbox 154 1103 1330 1190; baseline 0.003 -22"><span class='ocrx_word' id='word_1_52' title='bbox 154 1103 211 1178; x_wconf 75' lang='grc' dir='ltr'><strong>την</strong></span> <span class='ocrx_word' id='word_1_53' title='bbox 236 1104 356 1180; x_wconf 72' lang='grc' dir='ltr'><strong><em>ταύτης</em></strong></span> <span class='ocrx_word' id='word_1_54' title='bbox 383 1104 560 1187; x_wconf 77' lang='grc' dir='ltr'><strong>ακροπολιν.</strong></span> <span class='ocrx_word' id='word_1_55' title='bbox 610 1105 834 1170; x_wconf 87' lang='lat' dir='ltr'><strong>Bachmanuus</strong></span> <span class='ocrx_word' id='word_1_56' title='bbox 856 1105 888 1169; x_wconf 94' lang='lat' dir='ltr'><strong>in</strong></span> <span class='ocrx_word' id='word_1_57' title='bbox 912 1103 1022 1170; x_wconf 89' lang='lat' dir='ltr'><strong>eadem</strong></span> <span class='ocrx_word' id='word_1_58' title='bbox 1045 1117 1237 1190; x_wconf 72' lang='grc' dir='ltr'><em>συναγωγῇ,</em></span> <span class='ocrx_word' id='word_1_59' title='bbox 1272 1107 1330 1173; x_wconf 90' lang='lat' dir='ltr'><strong>ubi</strong></span> 
     </span>
     <span class='ocr_line' id='line_1_8' title="bbox 154 1223 1328 1315; baseline 0.005 -27"><span class='ocrx_word' id='word_1_60' title='bbox 154 1247 185 1294; x_wconf 87' lang='lat' dir='ltr'><strong>v.</strong></span> <span class='ocrx_word' id='word_1_61' title='bbox 196 1225 280 1301; x_wconf 84' lang='grc' dir='ltr'><strong><em>’Άκη</em></strong></span> <span class='ocrx_word' id='word_1_62' title='bbox 306 1223 497 1291; x_wconf 81' lang='lat' dir='ltr'><strong>laudabatur</strong></span> <span class='ocrx_word' id='word_1_63' title='bbox 511 1226 704 1307; x_wconf 72' lang='grc' dir='ltr'><strong>Δημήτριος,</strong></span> <span class='ocrx_word' id='word_1_64' title='bbox 729 1226 893 1290; x_wconf 88' lang='lat' dir='ltr'><strong>invenerat</strong></span> <span class='ocrx_word' id='word_1_65' title='bbox 913 1247 942 1291; x_wconf 85' lang='lat' dir='ltr'><strong>v.</strong></span> <span class='ocrx_word' id='word_1_66' title='bbox 956 1223 1147 1306; x_wconf 69' lang='grc' dir='ltr'><strong>Ἀδράστεια</strong></span> <span class='ocrx_word' id='word_1_67' title='bbox 1170 1224 1223 1315; x_wconf 85' lang='lat' dir='ltr'><strong>(cf.</strong></span> <span class='ocrx_word' id='word_1_68' title='bbox 1245 1229 1328 1294; x_wconf 89' lang='lat' dir='ltr'><strong>Har-</strong></span> 
     </span>
     <span class='ocr_line' id='line_1_9' title="bbox 154 1343 1327 1434; baseline 0 -22"><span class='ocrx_word' id='word_1_69' title='bbox 154 1347 327 1434; x_wconf 90' lang='lat' dir='ltr'><strong>porration.</strong></span> <span class='ocrx_word' id='word_1_70' title='bbox 350 1367 380 1413; x_wconf 86' lang='lat' dir='ltr'><strong>v.</strong></span> <span class='ocrx_word' id='word_1_71' title='bbox 404 1344 606 1433; x_wconf 67' lang='grc' dir='ltr'><strong>Ἀδράστεια)</strong></span> <span class='ocrx_word' id='word_1_72' title='bbox 635 1346 812 1426; x_wconf 75' lang='grc' dir='ltr'><strong>Δημήτριος</strong></span> <span class='ocrx_word' id='word_1_73' title='bbox 836 1347 850 1407; x_wconf 75' lang='grc' dir='ltr'><strong>ο’</strong></span> <span class='ocrx_word' id='word_1_74' title='bbox 877 1343 1035 1425; x_wconf 77' lang='grc' dir='ltr'><strong>Σκήψιος,</strong></span> <span class='ocrx_word' id='word_1_75' title='bbox 1061 1353 1202 1410; x_wconf 87' lang='lat' dir='ltr'><strong>etratus</strong></span> <span class='ocrx_word' id='word_1_76' title='bbox 1231 1344 1327 1412; x_wconf 91' lang='lat' dir='ltr'><strong>etiam</strong></span> 
     </span>
     <span class='ocr_line' id='line_1_10' title="bbox 153 1462 1327 1541; baseline 0.002 -12"><span class='ocrx_word' id='word_1_77' title='bbox 153 1487 184 1534; x_wconf 80' lang='grc' dir='ltr'><strong>ν.</strong></span> <span class='ocrx_word' id='word_1_78' title='bbox 205 1465 290 1540; x_wconf 69' lang='lat' dir='ltr'><strong>“Aren</strong></span> <span class='ocrx_word' id='word_1_79' title='bbox 314 1463 450 1530; x_wconf 90' lang='lat' dir='ltr'><strong>eundern</strong></span> <span class='ocrx_word' id='word_1_80' title='bbox 472 1465 668 1529; x_wconf 83' lang='lat' dir='ltr'><strong>Demetrium</strong></span> <span class='ocrx_word' id='word_1_81' title='bbox 692 1473 800 1530; x_wconf 89' lang='lat' dir='ltr'><strong>testem</strong></span> <span class='ocrx_word' id='word_1_82' title='bbox 824 1464 930 1541; x_wconf 88' lang='lat' dir='ltr'><strong>citari,</strong></span> <span class='ocrx_word' id='word_1_83' title='bbox 958 1463 990 1528; x_wconf 91' lang='lat' dir='ltr'><strong>in</strong></span> <span class='ocrx_word' id='word_1_84' title='bbox 1014 1462 1120 1529; x_wconf 91' lang='lat' dir='ltr'><strong>Indice</strong></span> <span class='ocrx_word' id='word_1_85' title='bbox 1143 1463 1183 1529; x_wconf 90' lang='lat' dir='ltr'><strong>ad</strong></span> <span class='ocrx_word' id='word_1_86' title='bbox 1206 1463 1327 1531; x_wconf 83' lang='lat' dir='ltr'>calcem</span> 
     </span>
    </p>
   </div>
   <div class='ocr_carea' id='block_1_3' title="bbox 155 1582 1328 1671">
    <p class='ocr_par' dir='ltr' id='par_1_3' title="bbox 155 1582 1328 1671">
     <span class='ocr_line' id='line_1_11' title="bbox 155 1582 1328 1671; baseline 0.001 -21"><span class='ocrx_word' id='word_1_87' title='bbox 155 1585 257 1671; x_wconf 91' lang='lat' dir='ltr'><strong>operis</strong></span> <span class='ocrx_word' id='word_1_88' title='bbox 290 1583 411 1648; x_wconf 90' lang='lat' dir='ltr'><strong>adiecto</strong></span> <span class='ocrx_word' id='word_1_89' title='bbox 448 1606 548 1648; x_wconf 90' lang='lat' dir='ltr'><strong>unum</strong></span> <span class='ocrx_word' id='word_1_90' title='bbox 585 1584 778 1649; x_wconf 86' lang='lat' dir='ltr'><strong>Demetrium</strong></span> <span class='ocrx_word' id='word_1_91' title='bbox 813 1584 975 1670; x_wconf 83' lang='lat' dir='ltr'><strong>Scepsium</strong></span> <span class='ocrx_word' id='word_1_92' title='bbox 1010 1582 1080 1650; x_wconf 91' lang='lat' dir='ltr'><strong>sub.</strong></span> <span class='ocrx_word' id='word_1_93' title='bbox 1113 1605 1145 1648; x_wconf 85' lang='lat' dir='ltr'><strong>v.</strong></span> <span class='ocrx_word' id='word_1_94' title='bbox 1174 1584 1260 1660; x_wconf 74' lang='lat' dir='ltr'><strong>”Arca</strong></span> <span class='ocrx_word' id='word_1_95' title='bbox 1296 1595 1328 1651; x_wconf 89' lang='lat' dir='ltr'><strong>et</strong></span> 
     </span>
    </p>
   </div>
   <div class='ocr_carea' id='block_1_4' title="bbox 106 1701 1412 4306">
    <p class='ocr_par' dir='ltr' id='par_1_4' title="bbox 106 1701 1412 3817">
     <span class='ocr_line' id='line_1_12' title="bbox 154 1701 1326 1784; baseline 0.002 -16"><span class='ocrx_word' id='word_1_96' title='bbox 154 1701 345 1784; x_wconf 63' lang='grc' dir='ltr'><strong>Ἀδράστεια</strong></span> <span class='ocrx_word' id='word_1_97' title='bbox 368 1701 518 1769; x_wconf 87' lang='lat' dir='ltr'><strong>laudavit.</strong></span> <span class='ocrx_word' id='word_1_98' title='bbox 565 1704 646 1769; x_wconf 82' lang='lat' dir='ltr'><strong>llum</strong></span> <span class='ocrx_word' id='word_1_99' title='bbox 669 1714 795 1769; x_wconf 88' lang='lat' dir='ltr'><strong>secutus</strong></span> <span class='ocrx_word' id='word_1_100' title='bbox 817 1701 898 1768; x_wconf 89' lang='lat' dir='ltr'><strong>idern</strong></span> <span class='ocrx_word' id='word_1_101' title='bbox 925 1703 998 1768; x_wconf 82' lang='lat' dir='ltr'><strong>fecit</strong></span> <span class='ocrx_word' id='word_1_102' title='bbox 1020 1703 1183 1769; x_wconf 86' lang='lat' dir='ltr'><strong>Behhcrus</strong></span> <span class='ocrx_word' id='word_1_103' title='bbox 1209 1704 1241 1768; x_wconf 91' lang='lat' dir='ltr'><strong>in</strong></span> <span class='ocrx_word' id='word_1_104' title='bbox 1272 1706 1326 1770; x_wconf 94' lang='lat' dir='ltr'><strong>ln-</strong></span> 
     </span>
     <span class='ocr_line' id='line_1_13' title="bbox 155 1809 1327 1910; baseline 0.003 -22"><span class='ocrx_word' id='word_1_105' title='bbox 155 1822 223 1889; x_wconf 91' lang='lat' dir='ltr'><strong>dice</strong></span> <span class='ocrx_word' id='word_1_106' title='bbox 253 1820 487 1888; x_wconf 81' lang='lat' dir='ltr'><strong>Anecdotorum</strong></span> <span class='ocrx_word' id='word_1_107' title='bbox 511 1824 567 1887; x_wconf 84' lang='grc' dir='ltr'><strong>ΙΙΙ.</strong></span> <span class='ocrx_word' id='word_1_108' title='bbox 599 1847 630 1910; x_wconf 93' lang='lat' dir='ltr'><strong>p.</strong></span> <span class='ocrx_word' id='word_1_109' title='bbox 656 1809 759 1902; x_wconf 75' lang='lat'>14423</span> <span class='ocrx_word' id='word_1_110' title='bbox 791 1831 898 1909; x_wconf 88' lang='lat' dir='ltr'><strong>postea</strong></span> <span class='ocrx_word' id='word_1_111' title='bbox 922 1824 1053 1889; x_wconf 89' lang='lat' dir='ltr'><strong>veroin</strong></span> <span class='ocrx_word' id='word_1_112' title='bbox 1077 1825 1327 1910; x_wconf 87' lang='lat' dir='ltr'><strong>Harpocratione</strong></span> 
     </span>
     <span class='ocr_line' id='line_1_14' title="bbox 155 1940 1326 2030; baseline 0.003 -22"><span class='ocrx_word' id='word_1_113' title='bbox 155 1964 219 2008; x_wconf 92' lang='lat' dir='ltr'><strong>non</strong></span> <span class='ocrx_word' id='word_1_114' title='bbox 243 1940 282 2007; x_wconf 92' lang='lat' dir='ltr'><strong>ad</strong></span> <span class='ocrx_word' id='word_1_115' title='bbox 304 1942 499 2006; x_wconf 88' lang='lat' dir='ltr'><strong>Demetrium</strong></span> <span class='ocrx_word' id='word_1_116' title='bbox 522 1942 701 2028; x_wconf 86' lang='lat' dir='ltr'><strong>Scepsium,</strong></span> <span class='ocrx_word' id='word_1_117' title='bbox 732 1940 786 2007; x_wconf 92' lang='lat' dir='ltr'><strong>sed</strong></span> <span class='ocrx_word' id='word_1_118' title='bbox 816 1940 856 2007; x_wconf 94' lang='lat' dir='ltr'><strong>ad</strong></span> <span class='ocrx_word' id='word_1_119' title='bbox 878 1943 1073 2030; x_wconf 82' lang='lat' dir='ltr'><strong>Magnetem,</strong></span> <span class='ocrx_word' id='word_1_120' title='bbox 1110 1965 1192 2030; x_wconf 89' lang='lat' dir='ltr'><strong>quae</strong></span> <span class='ocrx_word' id='word_1_121' title='bbox 1213 1945 1272 2010; x_wconf 91' lang='lat' dir='ltr'><strong>sub</strong></span> <span class='ocrx_word' id='word_1_122' title='bbox 1295 1967 1326 2012; x_wconf 81' lang='grc' dir='ltr'><strong>ν.</strong></span> 
     </span>
     <span class='ocr_line' id='line_1_15' title="bbox 151 2060 1412 2138; baseline 0.005 -12"><span class='ocrx_word' id='word_1_123' title='bbox 151 2062 236 2138; x_wconf 74' lang='grc' dir='ltr'><strong>ΙἈκη</strong></span> <span class='ocrx_word' id='word_1_124' title='bbox 272 2071 445 2125; x_wconf 89' lang='lat' dir='ltr'><strong>narrantur</strong></span> <span class='ocrx_word' id='word_1_125' title='bbox 478 2061 584 2126; x_wconf 83' lang='lat' dir='ltr'><strong>traxit.</strong></span> <span class='ocrx_word' id='word_1_126' title='bbox 631 2060 794 2126; x_wconf 87' lang='lat' dir='ltr'><strong>Bekkerus</strong></span> <span class='ocrx_word' id='word_1_127' title='bbox 824 2061 857 2126; x_wconf 90' lang='lat' dir='ltr'><strong>in</strong></span> <span class='ocrx_word' id='word_1_128' title='bbox 880 2060 1016 2127; x_wconf 90' lang='lat' dir='ltr'><strong>eundem</strong></span> <span class='ocrx_word' id='word_1_129' title='bbox 1039 2082 1180 2128; x_wconf 91' lang='lat' dir='ltr'><strong>errorem</strong></span> <span class='ocrx_word' id='word_1_130' title='bbox 1203 2063 1328 2130; x_wconf 83' lang='lat' dir='ltr'><strong>induxit</strong></span> <span class='ocrx_word' id='word_1_131' title='bbox 1411 2067 1412 2132; x_wconf 79' lang='lat' dir='ltr'><strong>i</strong></span> 
     </span>
     <span class='ocr_line' id='line_1_16' title="bbox 156 2180 1412 2266; baseline 0 -18"><span class='ocrx_word' id='word_1_132' title='bbox 156 2181 346 2258; x_wconf 82' lang='lat' dir='ltr'><strong>Mulierum,</strong></span> <span class='ocrx_word' id='word_1_133' title='bbox 373 2181 427 2266; x_wconf 91' lang='lat' dir='ltr'><strong>qui</strong></span> <span class='ocrx_word' id='word_1_134' title='bbox 449 2181 482 2246; x_wconf 90' lang='lat' dir='ltr'><strong>F.</strong></span> <span class='ocrx_word' id='word_1_135' title='bbox 507 2182 545 2244; x_wconf 90' lang='lat' dir='ltr'><strong>H.</strong></span> <span class='ocrx_word' id='word_1_136' title='bbox 568 2180 625 2248; x_wconf 88' lang='lat' dir='ltr'><strong>Gr.</strong></span> <span class='ocrx_word' id='word_1_137' title='bbox 649 2181 705 2250; x_wconf 91' lang='lat' dir='ltr'><strong>IV.</strong></span> <span class='ocrx_word' id='word_1_138' title='bbox 729 2181 793 2246; x_wconf 81' lang='lat'><strong>382</strong></span> <span class='ocrx_word' id='word_1_139' title='bbox 817 2181 956 2247; x_wconf 90' lang='lat' dir='ltr'><strong>Indicem</strong></span> <span class='ocrx_word' id='word_1_140' title='bbox 982 2181 1214 2249; x_wconf 85' lang='lat' dir='ltr'><strong>hnecdotorum</strong></span> <span class='ocrx_word' id='word_1_141' title='bbox 1237 2207 1327 2250; x_wconf 90' lang='lat' dir='ltr'><strong>seon·</strong></span> <span class='ocrx_word' id='word_1_142' title='bbox 1411 2217 1412 2227; x_wconf 30' lang='grc' dir='ltr'><strong><em>τ</em></strong></span> 
     </span>
     <span class='ocr_line' id='line_1_17' title="bbox 156 2299 1328 2389; baseline 0 -22"><span class='ocrx_word' id='word_1_143' title='bbox 156 2313 224 2380; x_wconf 90' lang='lat' dir='ltr'><strong>tus,</strong></span> <span class='ocrx_word' id='word_1_144' title='bbox 249 2299 384 2366; x_wconf 90' lang='lat' dir='ltr'><strong>eundem</strong></span> <span class='ocrx_word' id='word_1_145' title='bbox 407 2300 514 2367; x_wconf 91' lang='lat' dir='ltr'><strong>locum</strong></span> <span class='ocrx_word' id='word_1_146' title='bbox 538 2300 577 2367; x_wconf 91' lang='lat' dir='ltr'><strong>ad</strong></span> <span class='ocrx_word' id='word_1_147' title='bbox 595 2301 697 2377; x_wconf 77' lang='grc' dir='ltr'><strong><em>’Άκην</em></strong></span> <span class='ocrx_word' id='word_1_148' title='bbox 718 2302 927 2387; x_wconf 82' lang='lat' dir='ltr'><strong>pertinentem</strong></span> <span class='ocrx_word' id='word_1_149' title='bbox 946 2303 1029 2368; x_wconf 88' lang='lat' dir='ltr'><strong>inter</strong></span> <span class='ocrx_word' id='word_1_150' title='bbox 1047 2302 1196 2366; x_wconf 86' lang='lat' dir='ltr'><strong>Demetrii</strong></span> <span class='ocrx_word' id='word_1_151' title='bbox 1210 2302 1328 2389; x_wconf 89' lang='lat' dir='ltr'><strong>Scepsii</strong></span> 
     </span>
     <span class='ocr_line' id='line_1_18' title="bbox 157 2417 1326 2510; baseline 0.003 -27"><span class='ocrx_word' id='word_1_152' title='bbox 157 2417 335 2508; x_wconf 88' lang='lat' dir='ltr'><strong>fragmenta</strong></span> <span class='ocrx_word' id='word_1_153' title='bbox 357 2421 478 2507; x_wconf 87' lang='lat' dir='ltr'><strong>posuit,</strong></span> <span class='ocrx_word' id='word_1_154' title='bbox 503 2442 578 2485; x_wconf 82' lang='lat' dir='ltr'><strong>mox</strong></span> <span class='ocrx_word' id='word_1_155' title='bbox 600 2443 639 2485; x_wconf 86' lang='lat' dir='ltr'><strong>ex</strong></span> <span class='ocrx_word' id='word_1_156' title='bbox 662 2419 768 2485; x_wconf 88' lang='lat' dir='ltr'><strong>Indice</strong></span> <span class='ocrx_word' id='word_1_157' title='bbox 788 2421 1043 2507; x_wconf 87' lang='lat' dir='ltr'><strong>Harpocratiouis</strong></span> <span class='ocrx_word' id='word_1_158' title='bbox 1061 2422 1220 2486; x_wconf 89' lang='lat' dir='ltr'><strong>Demetrio</strong></span> <span class='ocrx_word' id='word_1_159' title='bbox 1238 2424 1326 2510; x_wconf 91' lang='lat' dir='ltr'><strong>Mag·</strong></span> 
     </span>
     <span class='ocr_line' id='line_1_19' title="bbox 155 2538 1323 2627; baseline 0.003 -24"><span class='ocrx_word' id='word_1_160' title='bbox 155 2539 221 2605; x_wconf 87' lang='lat' dir='ltr'><strong>neti</strong></span> <span class='ocrx_word' id='word_1_161' title='bbox 250 2539 370 2605; x_wconf 90' lang='lat' dir='ltr'><strong>tribuit.</strong></span> <span class='ocrx_word' id='word_1_162' title='bbox 415 2539 574 2604; x_wconf 87' lang='lat' dir='ltr'><strong>Demetrio</strong></span> <span class='ocrx_word' id='word_1_163' title='bbox 601 2541 740 2627; x_wconf 84' lang='lat' dir='ltr'><strong>Magneti</strong></span> <span class='ocrx_word' id='word_1_164' title='bbox 770 2539 848 2605; x_wconf 87' lang='lat' dir='ltr'><strong>hacc</strong></span> <span class='ocrx_word' id='word_1_165' title='bbox 878 2538 917 2605; x_wconf 90' lang='lat' dir='ltr'><strong>de</strong></span> <span class='ocrx_word' id='word_1_166' title='bbox 940 2540 1024 2615; x_wconf 75' lang='lat' dir='ltr'><strong>”Aua</strong></span> <span class='ocrx_word' id='word_1_167' title='bbox 1048 2551 1079 2606; x_wconf 90' lang='lat' dir='ltr'><strong>et</strong></span> <span class='ocrx_word' id='word_1_168' title='bbox 1108 2542 1323 2621; x_wconf 69' lang='grc' dir='ltr'><strong>Πτολεμαΐδι,</strong></span> 
     </span>
     <span class='ocr_line' id='line_1_20' title="bbox 157 2659 1325 2746; baseline 0.003 -22"><span class='ocrx_word' id='word_1_169' title='bbox 157 2659 209 2724; x_wconf 91' lang='lat' dir='ltr'><strong>cui</strong></span> <span class='ocrx_word' id='word_1_170' title='bbox 239 2659 310 2724; x_wconf 87' lang='lat' dir='ltr'><strong>urbi</strong></span> <span class='ocrx_word' id='word_1_171' title='bbox 344 2659 453 2746; x_wconf 89' lang='lat' dir='ltr'><strong>plures</strong></span> <span class='ocrx_word' id='word_1_172' title='bbox 485 2659 725 2746; x_wconf 91' lang='lat' dir='ltr'><strong>notissimaeque</strong></span> <span class='ocrx_word' id='word_1_173' title='bbox 748 2660 900 2739; x_wconf 78' lang='grc' dir='ltr'><strong>ὁμώνυμοι</strong></span> <span class='ocrx_word' id='word_1_174' title='bbox 927 2671 1035 2740; x_wconf 87' lang='lat' dir='ltr'><strong>erant,</strong></span> <span class='ocrx_word' id='word_1_175' title='bbox 1066 2659 1205 2726; x_wconf 89' lang='lat' dir='ltr'><strong>tribuere</strong></span> <span class='ocrx_word' id='word_1_176' title='bbox 1234 2661 1325 2740; x_wconf 88' lang='lat' dir='ltr'><strong>licet,</strong></span> 
     </span>
     <span class='ocr_line' id='line_1_21' title="bbox 157 2779 1325 2868; baseline 0.003 -24"><span class='ocrx_word' id='word_1_177' title='bbox 157 2789 189 2844; x_wconf 84' lang='lat' dir='ltr'><strong>at</strong></span> <span class='ocrx_word' id='word_1_178' title='bbox 217 2779 285 2844; x_wconf 88' lang='lat' dir='ltr'><strong>fieri</strong></span> <span class='ocrx_word' id='word_1_179' title='bbox 315 2790 428 2866; x_wconf 88' lang='lat' dir='ltr'><strong>potest,</strong></span> <span class='ocrx_word' id='word_1_180' title='bbox 464 2788 500 2844; x_wconf 91' lang='lat' dir='ltr'><strong>ut</strong></span> <span class='ocrx_word' id='word_1_181' title='bbox 529 2791 602 2846; x_wconf 89' lang='lat' dir='ltr'><strong>ante</strong></span> <span class='ocrx_word' id='word_1_182' title='bbox 631 2780 827 2846; x_wconf 87' lang='lat' dir='ltr'><strong>Demetrium</strong></span> <span class='ocrx_word' id='word_1_183' title='bbox 850 2783 1027 2868; x_wconf 86' lang='lat' dir='ltr'><strong>Magnetem</strong></span> <span class='ocrx_word' id='word_1_184' title='bbox 1050 2782 1195 2868; x_wconf 86' lang='lat' dir='ltr'><strong>Scepsius</strong></span> <span class='ocrx_word' id='word_1_185' title='bbox 1216 2780 1325 2848; x_wconf 89' lang='lat' dir='ltr'><strong>eadem</strong></span> 
     </span>
     <span class='ocr_line' id='line_1_22' title="bbox 106 2899 1325 2988; baseline 0.002 -22"><span class='ocrx_word' id='word_1_186' title='bbox 106 2903 109 2910; x_wconf 82' lang='grc'><strong>’</strong></span> <span class='ocrx_word' id='word_1_187' title='bbox 155 2901 189 2966; x_wconf 95' lang='lat' dir='ltr'><strong>in</strong></span> <span class='ocrx_word' id='word_1_188' title='bbox 218 2899 336 2988; x_wconf 83' lang='lat' dir='ltr'><strong>grandi</strong></span> <span class='ocrx_word' id='word_1_189' title='bbox 370 2910 401 2964; x_wconf 89' lang='lat' dir='ltr'><strong>et</strong></span> <span class='ocrx_word' id='word_1_190' title='bbox 433 2899 597 2986; x_wconf 87' lang='lat' dir='ltr'><strong>praeclaro</strong></span> <span class='ocrx_word' id='word_1_191' title='bbox 631 2923 688 2964; x_wconf 93' lang='lat' dir='ltr'><strong>suo</strong></span> <span class='ocrx_word' id='word_1_192' title='bbox 719 2922 814 2985; x_wconf 89' lang='lat' dir='ltr'><strong>opere</strong></span> <span class='ocrx_word' id='word_1_193' title='bbox 844 2900 998 2987; x_wconf 89' lang='lat' dir='ltr'><strong>attigerit,</strong></span> <span class='ocrx_word' id='word_1_194' title='bbox 1030 2911 1085 2966; x_wconf 88' lang='lat' dir='ltr'><strong>ant</strong></span> <span class='ocrx_word' id='word_1_195' title='bbox 1115 2901 1189 2968; x_wconf 91' lang='lat' dir='ltr'><strong>alibi</strong></span> <span class='ocrx_word' id='word_1_196' title='bbox 1211 2911 1325 2968; x_wconf 90' lang='lat' dir='ltr'><strong>anteo</strong></span> 
     </span>
     <span class='ocr_line' id='line_1_23' title="bbox 157 3018 1325 3108; baseline 0.003 -23"><span class='ocrx_word' id='word_1_197' title='bbox 157 3019 244 3099; x_wconf 91' lang='lat' dir='ltr'><strong>loco,</strong></span> <span class='ocrx_word' id='word_1_198' title='bbox 280 3019 334 3084; x_wconf 89' lang='lat' dir='ltr'><strong>ubi</strong></span> <span class='ocrx_word' id='word_1_199' title='bbox 364 3019 402 3084; x_wconf 89' lang='lat' dir='ltr'><strong>dc</strong></span> <span class='ocrx_word' id='word_1_200' title='bbox 432 3021 533 3085; x_wconf 81' lang='lat' dir='ltr'><strong>Attica</strong></span> <span class='ocrx_word' id='word_1_201' title='bbox 562 3018 659 3106; x_wconf 87' lang='lat' dir='ltr'><strong>phyle</strong></span> <span class='ocrx_word' id='word_1_202' title='bbox 689 3018 881 3084; x_wconf 83' lang='lat' dir='ltr'><strong>Ptolemaide</strong></span> <span class='ocrx_word' id='word_1_203' title='bbox 909 3019 1034 3084; x_wconf 89' lang='lat' dir='ltr'><strong>locutus</strong></span> <span class='ocrx_word' id='word_1_204' title='bbox 1056 3031 1139 3087; x_wconf 88' lang='lat' dir='ltr'><strong>erat:</strong></span> <span class='ocrx_word' id='word_1_205' title='bbox 1175 3024 1325 3108; x_wconf 87' lang='lat' dir='ltr'><strong>Harpo-</strong></span> 
     </span>
     <span class='ocr_line' id='line_1_24' title="bbox 157 3139 1325 3223; baseline 0.001 -17"><span class='ocrx_word' id='word_1_206' title='bbox 157 3140 337 3219; x_wconf 87' lang='lat' dir='ltr'><strong>cration,</strong></span> <span class='ocrx_word' id='word_1_207' title='bbox 362 3162 392 3204; x_wconf 92' lang='lat' dir='ltr'><strong>v.</strong></span> <span class='ocrx_word' id='word_1_208' title='bbox 417 3139 620 3221; x_wconf 76' lang='grc' dir='ltr'><strong>Θνογιονίδαι.</strong></span> <span class='ocrx_word' id='word_1_209' title='bbox 645 3139 725 3222; x_wconf 71' lang='grc' dir='ltr'><strong>φησι</strong></span> <span class='ocrx_word' id='word_1_210' title='bbox 756 3139 861 3204; x_wconf 76' lang='grc' dir='ltr'><strong>δὲκαὶ</strong></span> <span class='ocrx_word' id='word_1_211' title='bbox 886 3141 1061 3221; x_wconf 72' lang='grc' dir='ltr'><strong>Δημήτριος</strong></span> <span class='ocrx_word' id='word_1_212' title='bbox 1088 3141 1101 3204; x_wconf 82' lang='grc' dir='ltr'><em>ὃ</em></span> <span class='ocrx_word' id='word_1_213' title='bbox 1132 3142 1271 3223; x_wconf 78' lang='grc' dir='ltr'><strong>Σκήψιος</strong></span> <span class='ocrx_word' id='word_1_214' title='bbox 1295 3143 1325 3207; x_wconf 82' lang='grc' dir='ltr'><strong>ἐν</strong></span> 
     </span>
     <span class='ocr_line' id='line_1_25' title="bbox 156 3254 1326 3342; baseline 0.002 -18"><span class='ocrx_word' id='word_1_215' title='bbox 156 3263 191 3342; x_wconf 80' lang='grc' dir='ltr'><strong>β’</strong></span> <span class='ocrx_word' id='word_1_216' title='bbox 219 3259 399 3339; x_wconf 74' lang='grc' dir='ltr'><strong><em>Διακόσμου</em></strong></span> <span class='ocrx_word' id='word_1_217' title='bbox 424 3267 480 3334; x_wconf 76' lang='grc' dir='ltr'><strong>τῆς</strong></span> <span class='ocrx_word' id='word_1_218' title='bbox 510 3259 726 3338; x_wconf 79' lang='grc' dir='ltr'><strong><em>Πτολεμαΐδος</em></strong></span> <span class='ocrx_word' id='word_1_219' title='bbox 753 3262 858 3340; x_wconf 78' lang='grc' dir='ltr'><strong><em>Φυλῆς</em></strong></span> <span class='ocrx_word' id='word_1_220' title='bbox 889 3257 940 3323; x_wconf 72' lang='grc' dir='ltr'><strong>τὸν</strong></span> <span class='ocrx_word' id='word_1_221' title='bbox 967 3259 1062 3337; x_wconf 77' lang='grc' dir='ltr'><strong><em>δῆμον</em></strong></span> <span class='ocrx_word' id='word_1_222' title='bbox 1084 3254 1174 3326; x_wconf 84' lang='grc' dir='ltr'><strong><em>εἶναι.</em></strong></span> <span class='ocrx_word' id='word_1_223' title='bbox 1227 3262 1326 3326; x_wconf 87' lang='lat' dir='ltr'><strong>Possis</strong></span> 
     </span>
     <span class='ocr_line' id='line_1_26' title="bbox 156 3376 1326 3469; baseline 0 -22"><span class='ocrx_word' id='word_1_224' title='bbox 156 3381 307 3469; x_wconf 90' lang='lat' dir='ltr'><strong>suspicari</strong></span> <span class='ocrx_word' id='word_1_225' title='bbox 336 3380 529 3446; x_wconf 89' lang='lat' dir='ltr'><strong>Demetrium</strong></span> <span class='ocrx_word' id='word_1_226' title='bbox 560 3378 736 3464; x_wconf 91' lang='lat' dir='ltr'><strong>Scepsium,</strong></span> <span class='ocrx_word' id='word_1_227' title='bbox 773 3376 812 3442; x_wconf 90' lang='lat' dir='ltr'><strong>de</strong></span> <span class='ocrx_word' id='word_1_228' title='bbox 842 3377 902 3443; x_wconf 92' lang='lat' dir='ltr'><strong>hac</strong></span> <span class='ocrx_word' id='word_1_229' title='bbox 928 3377 1032 3444; x_wconf 85' lang='lat' dir='ltr'><strong>Attica</strong></span> <span class='ocrx_word' id='word_1_230' title='bbox 1054 3378 1167 3466; x_wconf 83' lang='lat' dir='ltr'><strong>phyle,</strong></span> <span class='ocrx_word' id='word_1_231' title='bbox 1204 3403 1326 3467; x_wconf 84' lang='lat' dir='ltr'><strong>quaes</strong></span> 
     </span>
     <span class='ocr_line' id='line_1_27' title="bbox 157 3496 1326 3587; baseline 0.002 -23"><span class='ocrx_word' id='word_1_232' title='bbox 157 3499 337 3565; x_wconf 89' lang='lat' dir='ltr'><strong>Ptolemaeo</strong></span> <span class='ocrx_word' id='word_1_233' title='bbox 361 3496 565 3585; x_wconf 88' lang='lat' dir='ltr'><strong>Philadelpho</strong></span> <span class='ocrx_word' id='word_1_234' title='bbox 586 3519 702 3562; x_wconf 89' lang='lat' dir='ltr'><strong>nomen</strong></span> <span class='ocrx_word' id='word_1_235' title='bbox 726 3497 861 3583; x_wconf 89' lang='lat' dir='ltr'><strong>accepit,</strong></span> <span class='ocrx_word' id='word_1_236' title='bbox 886 3496 1046 3576; x_wconf 87' lang='lat' dir='ltr'><strong>locutum,</strong></span> <span class='ocrx_word' id='word_1_237' title='bbox 1075 3499 1184 3565; x_wconf 89' lang='lat' dir='ltr'><strong>eadem</strong></span> <span class='ocrx_word' id='word_1_238' title='bbox 1208 3523 1326 3587; x_wconf 88' lang='lat' dir='ltr'><strong>oppor-</strong></span> 
     </span>
     <span class='ocr_line' id='line_1_28' title="bbox 157 3616 1323 3709; baseline 0.002 -23"><span class='ocrx_word' id='word_1_239' title='bbox 157 3619 291 3686; x_wconf 90' lang='lat' dir='ltr'><strong>tunitate</strong></span> <span class='ocrx_word' id='word_1_240' title='bbox 324 3618 461 3706; x_wconf 86' lang='lat' dir='ltr'><strong>attigisse</strong></span> <span class='ocrx_word' id='word_1_241' title='bbox 479 3618 599 3692; x_wconf 72' lang='grc' dir='ltr'><strong><em>Ἄκην,</em></strong></span> <span class='ocrx_word' id='word_1_242' title='bbox 637 3637 719 3681; x_wconf 87' lang='lat' dir='ltr'><strong>novo</strong></span> <span class='ocrx_word' id='word_1_243' title='bbox 750 3617 877 3682; x_wconf 89' lang='lat' dir='ltr'><strong>nomine</strong></span> <span class='ocrx_word' id='word_1_244' title='bbox 900 3639 919 3682; x_wconf 92' lang='lat' dir='ltr'><strong>a</strong></span> <span class='ocrx_word' id='word_1_245' title='bbox 942 3616 1120 3685; x_wconf 88' lang='lat' dir='ltr'><strong>Ptolemaeo</strong></span> <span class='ocrx_word' id='word_1_246' title='bbox 1147 3621 1224 3709; x_wconf 87' lang='lat' dir='ltr'><strong>Lagi</strong></span> <span class='ocrx_word' id='word_1_247' title='bbox 1246 3619 1323 3702; x_wconf 83' lang='lat' dir='ltr'><strong>filio,</strong></span> 
     </span>
     <span class='ocr_line' id='line_1_29' title="bbox 157 3736 541 3817; baseline -0.01 -11"><span class='ocrx_word' id='word_1_248' title='bbox 157 3750 195 3806; x_wconf 88' lang='lat' dir='ltr'><strong>ut</strong></span> <span class='ocrx_word' id='word_1_249' title='bbox 217 3739 357 3817; x_wconf 87' lang='lat' dir='ltr'><strong>videtur,</strong></span> <span class='ocrx_word' id='word_1_250' title='bbox 382 3736 541 3803; x_wconf 88' lang='lat' dir='ltr'><strong>donatam.</strong></span> 
     </span>
    </p>

    <p class='ocr_par' dir='ltr' id='par_1_5' title="bbox 158 3854 1325 4306">
     <span class='ocr_line' id='line_1_30' title="bbox 203 3854 1325 3946; baseline 0.004 -22"><span class='ocrx_word' id='word_1_251' title='bbox 203 3858 305 3924; x_wconf 90' lang='lat' dir='ltr'><strong>Huius</strong></span> <span class='ocrx_word' id='word_1_252' title='bbox 330 3881 387 3946; x_wconf 85' lang='lat' dir='ltr'><strong>per</strong></span> <span class='ocrx_word' id='word_1_253' title='bbox 417 3879 543 3923; x_wconf 90' lang='lat' dir='ltr'><strong>omnem</strong></span> <span class='ocrx_word' id='word_1_254' title='bbox 566 3854 727 3921; x_wconf 87' lang='lat' dir='ltr'><strong>historiam</strong></span> <span class='ocrx_word' id='word_1_255' title='bbox 750 3855 972 3923; x_wconf 88' lang='lat' dir='ltr'><strong>celeberrimae</strong></span> <span class='ocrx_word' id='word_1_256' title='bbox 994 3859 1193 3926; x_wconf 88' lang='lat' dir='ltr'><strong>Ptolemaidis</strong></span> <span class='ocrx_word' id='word_1_257' title='bbox 1216 3873 1248 3927; x_wconf 89' lang='lat' dir='ltr'><strong>et</strong></span> <span class='ocrx_word' id='word_1_258' title='bbox 1269 3885 1325 3928; x_wconf 92' lang='lat' dir='ltr'><strong>no-</strong></span> 
     </span>
     <span class='ocr_line' id='line_1_31' title="bbox 158 3975 1323 4063; baseline 0.002 -18"><span class='ocrx_word' id='word_1_259' title='bbox 158 3980 251 4046; x_wconf 90' lang='lat' dir='ltr'><strong>minis</strong></span> <span class='ocrx_word' id='word_1_260' title='bbox 284 3978 364 4043; x_wconf 80' lang='lat' dir='ltr'><strong>Aces</strong></span> <span class='ocrx_word' id='word_1_261' title='bbox 396 3975 573 4041; x_wconf 89' lang='lat' dir='ltr'><strong>Demetrius</strong></span> <span class='ocrx_word' id='word_1_262' title='bbox 605 3977 733 4063; x_wconf 90' lang='lat' dir='ltr'><strong>Magnes</strong></span> <span class='ocrx_word' id='word_1_263' title='bbox 769 3976 946 4042; x_wconf 90' lang='lat' dir='ltr'><strong>meminerit</strong></span> <span class='ocrx_word' id='word_1_264' title='bbox 975 3976 1033 4043; x_wconf 92' lang='lat' dir='ltr'><strong>sub</strong></span> <span class='ocrx_word' id='word_1_265' title='bbox 1065 3978 1323 4062; x_wconf 86' lang='lat' dir='ltr'><strong>Ptolemaidibus,</strong></span> 
     </span>
     <span class='ocr_line' id='line_1_32' title="bbox 158 4093 1322 4186; baseline 0.004 -23"><span class='ocrx_word' id='word_1_266' title='bbox 158 4100 281 4176; x_wconf 76' lang='grc' dir='ltr'><strong><em>η”Ακη</em></strong></span> <span class='ocrx_word' id='word_1_267' title='bbox 306 4095 509 4186; x_wconf 89' lang='lat' dir='ltr'><strong>cognomines</strong></span> <span class='ocrx_word' id='word_1_268' title='bbox 530 4117 595 4159; x_wconf 92' lang='lat' dir='ltr'><strong>non</strong></span> <span class='ocrx_word' id='word_1_269' title='bbox 617 4093 768 4174; x_wconf 89' lang='lat' dir='ltr'><strong>habebat,</strong></span> <span class='ocrx_word' id='word_1_270' title='bbox 793 4119 895 4183; x_wconf 90' lang='lat' dir='ltr'><strong>neque</strong></span> <span class='ocrx_word' id='word_1_271' title='bbox 918 4119 1033 4164; x_wconf 89' lang='lat' dir='ltr'><strong>nomen</strong></span> <span class='ocrx_word' id='word_1_272' title='bbox 1057 4098 1216 4167; x_wconf 88' lang='lat' dir='ltr'><strong>Graecum</strong></span> <span class='ocrx_word' id='word_1_273' title='bbox 1239 4112 1322 4182; x_wconf 90' lang='lat' dir='ltr'><strong>erat;</strong></span> 
     </span>
     <span class='ocr_line' id='line_1_33' title="bbox 159 4216 1323 4306; baseline 0.003 -22"><span class='ocrx_word' id='word_1_274' title='bbox 159 4217 317 4306; x_wconf 92' lang='lat' dir='ltr'><strong>quomodo</strong></span> <span class='ocrx_word' id='word_1_275' title='bbox 349 4218 375 4281; x_wconf 85' lang='grc' dir='ltr'><strong>οἱ</strong></span> <span class='ocrx_word' id='word_1_276' title='bbox 411 4216 654 4296; x_wconf 78' lang='grc' dir='ltr'><strong>μυθολογοῦντες</strong></span> <span class='ocrx_word' id='word_1_277' title='bbox 690 4219 816 4294; x_wconf 73' lang='grc' dir='ltr'><strong><em>μᾶλλον</em></strong></span> <span class='ocrx_word' id='word_1_278' title='bbox 854 4217 870 4293; x_wconf 73' lang='grc' dir='ltr'>ἢ</span> <span class='ocrx_word' id='word_1_279' title='bbox 911 4219 1104 4300; x_wconf 76' lang='grc' dir='ltr'><strong>ἱστοροῦντες</strong></span> <span class='ocrx_word' id='word_1_280' title='bbox 1138 4243 1211 4286; x_wconf 91' lang='lat' dir='ltr'><strong>cum</strong></span> <span class='ocrx_word' id='word_1_281' title='bbox 1241 4222 1323 4298; x_wconf 80' lang='grc' dir='ltr'><strong><em>’Άκη</em></strong></span> 
     </span>
    </p>
   </div>
   <div class='ocr_carea' id='block_1_5' title="bbox 0 0 1430 4546">
    <p class='ocr_par' dir='ltr' id='par_1_6' title="bbox 0 0 1430 4546">
     <span class='ocr_line' id='line_1_34' title="bbox 0 0 1430 4546; baseline 0 0"><span class='ocrx_word' id='word_1_282' title='bbox 0 0 1430 4546; x_wconf 95' lang='lat' dir='ltr'><strong> </strong></span> 
     </span>
    </p>
   </div>
   <div class='ocr_carea' id='block_1_6' title="bbox 159 4333 1326 4428">
    <p class='ocr_par' dir='ltr' id='par_1_7' title="bbox 159 4333 1326 4428">
     <span class='ocr_line' id='line_1_35' title="bbox 159 4333 1326 4428; baseline 0.003 -23"><span class='ocrx_word' id='word_1_283' title='bbox 159 4335 393 4425; x_wconf 88' lang='lat' dir='ltr'><strong>composuerint</strong></span> <span class='ocrx_word' id='word_1_284' title='bbox 414 4333 547 4402; x_wconf 86' lang='lat' dir='ltr'><strong>verbum</strong></span> <span class='ocrx_word' id='word_1_285' title='bbox 569 4336 727 4412; x_wconf 71' lang='grc' dir='ltr'><strong>οἰκεῖσθαι,</strong></span> <span class='ocrx_word' id='word_1_286' title='bbox 753 4335 875 4404; x_wconf 90' lang='lat' dir='ltr'><strong>docebit</strong></span> <span class='ocrx_word' id='word_1_287' title='bbox 897 4338 1074 4427; x_wconf 87' lang='lat' dir='ltr'><strong>Stephanus</strong></span> <span class='ocrx_word' id='word_1_288' title='bbox 1095 4342 1170 4428; x_wconf 87' lang='lat' dir='ltr'><strong>Byz.</strong></span> <span class='ocrx_word' id='word_1_289' title='bbox 1194 4363 1225 4410; x_wconf 91' lang='lat' dir='ltr'><strong>v.</strong></span> <span class='ocrx_word' id='word_1_290' title='bbox 1247 4337 1326 4409; x_wconf 80' lang='grc' dir='ltr'><strong>Πτο·</strong></span> 
     </span>
    </p>
   </div>
  </div>
 </body>
</html>
