2848 4546
729 261 798 325 64*

165 489 299 572 σσροίτον
329 485 524 567 'Danaidum
556 483 754 569 Ἀφοδνκίου,
788 483 906 568 ῥήτορος
936 483 1059 564 δοκίμου
1086 485 1139 550 κοοδ
1168 487 1340 571 ίνοοοοορχνί-

165 634 277 682 σοοντος
301 608 353 674 rai
384 607 547 679 ἀνυσθέντος
575 607 627 673 τὸν
652 606 758 685 βοομδν
784 606 826 688 τῷ
851 608 949 688 Ἑρμῇ
989 606 1031 687 τῷ
1065 605 1219 696 οὶγορκίῳΙ,
1255 607 1339 686 μέλ-

166 745 271 803 λοντος
297 731 328 794 ἕν
349 729 391 810 τῷ
417 728 502 809 δήμῳ
526 726 649 807 λέγειν,
681 725 810 808 οίκοιίσγ·
835 725 974 798 οίκούσκς
998 725 1029 792 δὲ
1052 726 1183 808 ἕοοοσσδος
1210 726 1338 807 ἐγένετο
1417 785 1418 812 3

166 855 225 915 τῶν
256 847 357 928 λόγων
389 848 442 912 κοοδ
473 846 580 912 κοίτου
612 845 668 924 μὲν
704 847 754 910 ἐπ’
778 843 882 923 ὀλίγον
908 844 1051 921 ἤκουσεν,
1087 842 1141 918 ἕως
1164 846 1337 925 ἐπεδήμει,
1417 863 1418 894 r

168 970 272 1044 ἐπειδὴ
305 970 331 1034 δ’
359 967 373 1032 ὁ
404 968 461 1047 μὲν
493 964 611 1049 ἔφυγεν
635 966 677 1038 είς
706 963 846 1047 Θρᾴκην,
876 964 890 1028 ὃ
918 965 943 1029 δ
967 961 1108 1044 ε’γεγίνει
1128 964 1163 1042 ἐξ
1187 965 1335 1047 ἐφήβων,

168 1069 343 1166 σκνοκοοῦτοο
367 1087 571 1169 σκρὲβοολλεν
595 1082 763 1165 ’latapetra
786 1083 839 1148 κκδ
862 1084 1024 1158 Πκοίσωνο,
1050 1080 1122 1151 εἶτον
1148 1085 1201 1150 aar
1222 1086 1341 1150 Ἰσκίον

169 1208 341 1286 οὶνοολοοβὼν
368 1209 410 1279 είς
435 1206 490 1282 τὴν
510 1204 607 1272 οίκίοον
632 1211 785 1286 τετρκετῆ
805 1204 912 1287 χρόνον
938 1205 1032 1271 atate
1048 1203 1207 1282 διεκίνησε
1222 1205 1341 1286 μιμού-

171 1351 261 1407 μενος
286 1328 381 1392 κὺτοῦ
405 1327 476 1399 τοὺς
501 1324 625 1403 λόγους.
646 1327 748 1390 —Ut
771 1326 803 1390 in
823 1325 972 1413 Dionysio
988 1323 1256 1392 Halicarnassensi
1278 1325 1341 1390 Ca·

171 1446 348 1514 sanbonum
382 1456 414 1511 et
445 1445 478 1510 in
512 1443 622 1510 Photio
655 1443 834 1510 Dobraeum
864 1468 980 1511 nomen
1010 1445 1160 1511 Demetrii
1185 1444 1342 1533 Magnetis

171 1566 337 1632 restituere
360 1565 509 1643 addimus,
533 1563 574 1629 ita
598 1563 658 1628 hoc
680 1561 751 1629 loeo
769 1563 978 1629 Ruhnkeuius
996 1586 1061 1629 uon
1081 1563 1259 1643 Ἡγησίας,
1284 1561 1342 1629 sed

173 1686 348 1766 Δημήτριος
381 1684 455 1750 olim
487 1685 637 1770 scriptum
667 1682 779 1762 fuisse,
810 1682 862 1749 vel
884 1693 968 1748 certe
990 1684 1143 1770 seriptum
1166 1683 1343 1770 oportuisse

173 1804 305 1878 monuit.
336 1802 430 1888 Quod
452 1802 491 1868 ad
513 1826 595 1883 rem,
620 1803 675 1889 qui
696 1802 779 1868 hano
801 1825 927 1890 quoque
945 1813 1131 1869 narraverat
1149 1803 1343 1890 Hermippus

173 1932 205 1989 et
231 1922 320 1989 color
347 1922 552 2002 narrationis,
587 1920 689 2009 qualis
719 1945 758 1987 ex
791 1945 829 1988 eo
862 1921 946 2009 apud
975 1921 1114 1988 Gellium
1145 1924 1201 1989 111.
1236 1923 1276 1990 13
1308 1931 1343 1988 et

174 2041 380 2109 Plutarchum
402 2044 490 2109 Dem.
515 2043 546 2108 5.
570 2041 704 2130 legitur,
728 2043 750 2107 ii
768 2064 833 2108 non
852 2039 988 2120 faciunt,
1012 2051 1048 2106 ut
1066 2041 1140 2108 huic
1159 2041 1340 2108 historiolae

174 2160 313 2228 multum
335 2161 520 2228 tribuamus.
566 2161 756 2248 Hermippus
778 2161 998 2249 peripateticus
1020 2171 1052 2226 et
1072 2161 1238 2228 Platonem
1269 2183 1339 2228 rar-

174 2305 267 2370 pere,
291 2304 386 2368 quem
407 2279 629 2347 Demosthenes
651 2281 874 2347 celeberrimus
897 2282 1038 2347 omnium
1061 2293 1168 2348 orator
1194 2281 1341 2348 deserue-

175 2402 231 2482 rit,
255 2411 287 2466 et
308 2402 409 2488 ipsum
432 2409 590 2465 oratorem
614 2399 744 2466 laudare
766 2401 912 2468 voluerit.
956 2401 1073 2469 Bakius
1095 2404 1134 2472 V.
1148 2401 1193 2470 Cl.
1220 2401 1340 2491 (Schol.

176 2522 335 2608 Hypomu.
365 2520 422 2584 Ill.
446 2519 513 2586 374
535 2517 612 2609 seq.)
637 2530 802 2607 postquam
825 2520 1003 2601 historiam,
1035 2521 1074 2586 de
1104 2521 1280 2588 Callistrato
1308 2533 1341 2589 et

174 2661 268 2706 eausa
290 2638 415 2725 Oropea
445 2638 610 2717 traditam,
634 2638 832 2706 traditionem
856 2650 1039 2718 vocaverat,
1072 2639 1206 2708 ostendit
1223 2641 1255 2708 in
1274 2644 1340 2708 De-

174 2757 369 2824 mosthenem
403 2756 670 2824 adolescentulum
706 2757 902 2847 undeviginti
936 2755 1092 2825 annorum
1129 2760 1240 2827 eadere
1273 2784 1340 2828 non
1417 2805 1418 2842 3

175 2899 278 2964 posse,
310 2887 346 2942 ut
375 2895 408 2942 ου
437 2877 501 2942 366
533 2900 561 2942 a.
589 2879 623 2946 C.
658 2877 842 2967 paedagogo
875 2901 933 2944 suo
965 2880 1122 2966 paruerit,
1158 2903 1221 2969 quo
1255 2903 1342 2947 anno

175 2993 347 3061 seeundum
375 2997 583 3084 Hermippum
605 2997 636 3063 in
661 3019 755 3064 causa
778 2998 903 3086 Oropea
929 2999 1143 3068 Callistratum
1166 3001 1338 3092 audiverit,
1417 2969 1418 2986 ί

176 3125 207 3181 et
240 3115 447 3201 Hermippum
481 3138 615 3196 errasse,
656 3139 755 3203 quum
788 3117 906 3184 diceret
940 3119 1154 3186 Callistratum
1195 3120 1341 3188 habuisse

176 3234 415 3302 Demosthenem
446 3235 528 3301 inter
557 3258 629 3302 suos
651 3236 828 3325 discipulos.
873 3240 941 3304 lam
964 3239 1049 3327 quod
1072 3251 1164 3307 antea
1186 3241 1341 3322 diximus,

175 3355 369 3420 Demetrium
392 3356 568 3442 Magnetem
592 3379 655 3422 non
678 3357 796 3445 ubique
818 3359 1026 3447 Hermippum
1057 3360 1150 3427 fuisse
1179 3373 1343 3443 secutum,

176 3472 208 3540 id
238 3473 288 3540 hie
317 3472 405 3539 locus
434 3473 608 3542 confirmat.
654 3478 831 3543 Demetrius
861 3478 942 3544 euim
974 3503 1013 3544 eo
1042 3479 1137 3570 longe
1160 3483 1226 3548 veri
1253 3482 1343 3548 simi-

177 3591 257 3660 liora
286 3591 383 3674 dedit3
419 3594 570 3659 nimirum
600 3618 664 3662 non
698 3607 734 3662 ut
768 3597 957 3684 Hermippus
990 3599 1069 3666 dixit
1103 3600 1343 3668 Demosthenem

177 3712 389 3780 Callistratum
424 3713 589 3780 audivisse
609 3715 642 3780 in
675 3716 795 3781 incerta
828 3739 922 3782 causa
955 3717 1081 3806 Oropea
1114 3736 1146 3785 a⁰
1170 3720 1250 3800 366,
1290 3721 1345 3786 sed

177 3856 281 3921 neque
300 3855 420 3899 annum
439 3856 543 3922 neque
562 3857 687 3901 oausam
709 3834 870 3916 definiens,
896 3846 1018 3904 tantum
1037 3838 1114 3905 dixit
1132 3863 1221 3920 eum,
1241 3862 1344 3926 quum

178 3950 281 4018 adhue
310 3953 344 4018 iu
373 3953 479 4039 pueris
497 3964 591 4033 esset,
624 3954 835 4022 CaHistratum
855 3957 885 4022 ἐν
908 3959 951 4040 τῷ
981 3958 1066 4040 δήμῳ
1094 3958 1232 4038 λέγοντο
1255 3961 1345 4028 audi-

178 4070 271 4151 visse,
296 4095 399 4160 neque
422 4096 496 4139 eum
519 4073 707 4161 discipulum
723 4076 841 4142 factum
860 4099 925 4143 esse
943 4076 1123 4159 Callistrati‚
1149 4079 1250 4165 quod,
1271 4081 1347 4168 quia

181 4189 376 4257 Callistratus
405 4192 596 4273 δημαγωγὸς
628 4205 713 4276 er'at,
744 4219 784 4262 no
806 4196 874 4263 fieri
894 4196 1022 4285 quidem
1044 4199 1158 4284 potuit;
1190 4197 1245 4266 sed
1271 4221 1348 4266 eum

178 4329 236 4394 per
257 4308 352 4375 breve
373 4313 523 4398 temporis
545 4313 679 4400 spatium
702 4314 931 4398 Callistratum,
967 4316 1119 4405 quamdiu
1141 4318 1191 4384 hic
1215 4318 1349 4392 Athenis
