2848 4546
656 298 698 362 57

134 524 285 611 Quinque
305 521 497 610 philosophis
519 523 729 590 subiiciuntur
751 523 816 591 duo
841 525 991 592 historici:

134 641 224 718 ἕκτος
248 642 482 717 Καλλατιανός.
528 644 574 709 De
596 667 635 709 eo
657 645 820 732 operisque
842 643 1027 734 fragmentis
1046 648 1112 736 egit
1132 648 1257 717 Mulier.

87 766 123 833 F.
148 766 188 832 Η.
211 765 268 830 Gr.
291 764 347 834 IV.
373 765 438 830 380
461 786 545 850 seqq.
568 764 686 852 Geogr.
706 764 780 828 Min.
798 765 824 831 Ι.
845 766 1002 852 p.Lv111.
1026 765 1149 833 (ilinton
1171 771 1205 836 F.
1218 772 1256 836 Η.

85 886 148 953 Ill.
183 907 215 972 p.
240 883 315 951 559.
361 883 425 950 Alii
458 883 533 950 olim
566 895 598 949 et
619 883 881 950 Westermannus
909 886 941 951 in
971 886 1072 952 Paulii
1101 885 1191 956 Thes.
1214 889 1257 956 ll.

90 1003 160 1070 943
180 1004 377 1071 Demetrium
399 1003 549 1070 dixerunt
575 1003 668 1070 luisse
691 1003 861 1070 oriundum
891 1004 990 1071 Calati
1018 1005 1083 1071 sive
1112 1005 1256 1087 Callatia,

88 1147 130 1189 ex
154 1122 285 1188 Moesiae
308 1122 440 1210 oppido;
464 1145 577 1189 verum
599 1132 693 1188 natus
714 1133 761 1188 est
782 1123 814 1189 in
837 1144 874 1188 ea
897 1123 1000 1190 insula
1022 1146 1103 1211 quae
1126 1134 1191 1191 tota
1217 1135 1256 1211 τῇ

87 1242 235 1325 Δημητρί
270 1264 359 1309 sacra
390 1253 474 1322 erat,
510 1265 625 1332 nempe
654 1244 686 1308 in
716 1242 839 1309 Siciliae
869 1242 949 1309 urbe
977 1254 1016 1328 τῇ
1049 1254 1132 1328 καλῇ
1162 1246 1256 1330 ἀκτῇ.

85 1363 285 1428 Demetrium
307 1363 486 1452 Magnetem
508 1363 541 1428 in
564 1361 679 1428 talibus
701 1361 833 1451 probam
852 1363 1038 1451 scripturam
1058 1372 1256 1437 Καλακτῖνος

85 1505 244 1562 servasse,
268 1481 458 1550 confirmant
474 1481 630 1569 perpolita
648 1482 716 1548 eius
735 1482 835 1548 oratio
856 1481 997 1569 aliaque,
1022 1505 1122 1571 aeque
1144 1483 1257 1571 depra-

83 1603 157 1668 vari
188 1602 298 1683 solita,
333 1602 436 1669 forma
465 1601 697 1684 Καλχηδόνιος,
721 1624 817 1689 quam
853 1602 885 1668 in
915 1603 1026 1670 vitioso
1049 1602 1256 1685 Καρχηδόνιος

83 1722 186 1788 latere
208 1720 354 1790 vidimus.
382 1721 435 1810 (cf.
460 1721 611 1788 Cobetum
626 1723 665 1790 V.
683 1722 717 1788 L.
741 1743 772 1808 p.
800 1719 890 1810 199).
925 1721 963 1787 ln
985 1721 1258 1810 pseudo-Scymuo

82 1841 163 1910 chio
184 1865 215 1910 v.
242 1844 307 1908 117
330 1840 482 1907 Mulierus
504 1840 614 1906 edidit:

330 1960 497 2044 Δημητρίῳ
520 1985 556 2026 τε
579 1964 792 2044 Καλλατιανῷ
817 1966 1022 2045 συγγραφεῖ,

83 2080 257 2149 adnotans:
298 2083 515 2166 „naamam
540 2080 655 2147 codex:
691 2081 870 2150 emendavit
898 2081 1103 2151 Meinekius.''
1137 2079 1257 2148 Codicis

81 2201 190 2268 forma
208 2226 272 2269 non
295 2218 316 2268 λ
336 2201 389 2269 sed
412 2227 432 2267 α
451 2200 606 2268 desiderat
624 2211 656 2268 et
674 2201 845 2291 legendum
867 2203 1096 2284 Καλακτνανῷς
1122 2199 1255 2289 pseudo·

80 2323 225 2411 Scymno
249 2345 314 2389 non
330 2320 443 2388 melior
460 2321 564 2388 forma
582 2321 635 2388 sed
653 2323 779 2408 sequior
798 2322 1008 2404 Καλακτνανῷ
1028 2318 1254 2408 relinquenda,

78 2450 121 2508 ut
153 2442 185 2508 in
218 2441 280 2509 hoo
314 2463 407 2508 versu
441 2451 596 2521 metrum,
635 2441 731 2529 inque
765 2441 875 2508 ceteris
907 2438 1061 2506 sordidior
1094 2440 1256 2506 Graecitas

79 2562 199 2652 arguit.

127 2679 260 2762 ἕβδομος
298 2679 473 2766 Βνζοίντνος.
517 2680 618 2747 liuius
651 2677 715 2745 duo
748 2679 881 2770 grandia
910 2701 1006 2766 opera
1033 2677 1140 2745 multis
1166 2678 1255 2745 libris

78 2802 244 2870 historiam
278 2777 451 2890 paucorum
487 2823 644 2867 annorum
674 2798 980 2886 complectebantur,
1010 2820 1113 2885 neque
1136 2799 1253 2864 mirum

79 2924 109 2990 si
138 2922 257 2989 idcirco
290 2921 469 3011 fragmenta
497 2943 560 2986 non
592 2928 771 3008 supersunt.
802 2920 891 2988 Voss.
915 2920 954 2985 ll.
974 2918 1031 2986 Gr.
1057 2941 1089 3005 p.
1113 2919 1175 2985 125
1195 2918 1251 2986 W.

78 3041 207 3109 uuna.
231 3044 317 3110 uu.
341 3021 397 3109 er.
418 3043 459 3109 11.
486 3042 561 3110 aaa.

126 3164 213 3227 Duos
234 3161 397 3228 historicos
419 3161 579 3248 excipiunt
601 3161 740 3248 quinque
762 3160 976 3248 grammatici:

125 3281 248 3363 ὄγδοος,
273 3281 286 3345 ὅ
311 3281 479 3363 διατρίψας
503 3282 533 3345 ἐν
557 3279 779 3365 Ἀλεξανδρεία
800 3282 969 3362 σοφιστής,
993 3279 1112 3360 τέχνας
1131 3301 1250 3359 γεγρα-

78 3403 148 3485 Φὼς
181 3401 352 3484 ῥητοροκοίς.
399 3402 568 3487 Postquam
603 3400 675 3464 satis
698 3408 894 3486 compertum
929 3398 1004 3477 fuit,
1039 3396 1157 3463 librum
1180 3396 1249 3479 aspi

79 3519 245 3604 ἑρμηνείας
276 3543 295 3586 a
324 3521 484 3586 Demetrio
506 3518 658 3586 Phalereo
679 3542 744 3585 non
768 3519 862 3584 fuisse
884 3518 1113 3606 conscriptum,
1137 3539 1251 3582 verum

79 3641 121 3708 ab
153 3641 299 3720 homine,
334 3639 430 3706 luerit
457 3641 634 3705 Demetrius
663 3638 791 3726 quidam
814 3662 873 3706 nec
896 3662 953 3717 ne,
978 3637 1033 3724 qui
1054 3637 1160 3703 iunior
1182 3644 1251 3701 erat

79 3760 246 3828 Theodoro
268 3758 451 3841 Gadareno,
482 3759 597 3825 Tiberii
618 3768 838 3846 praeceptore,
862 3758 921 3824 viri
944 3757 1027 3824 docti
1049 3757 1252 3823 coniecerunt

83 3881 139 3972 (ci.
161 3879 366 3968 Walz.apud
388 3879 571 3946 Goellerum
594 3878 626 3944 in
649 3877 781 3967 praefat.
805 3877 948 3944 editionis
965 3876 1115 3943 Demetrii
1133 3900 1169 3945 τ.
1181 3875 1249 3957 ἓρρο.

78 4025 113 4090 p.
135 4000 228 4091 xxrx)
266 4011 429 4066 auctorem
462 3998 535 4066 libri
568 4021 632 4064 esse
665 3998 860 4063 Demetrium
892 3995 1160 4076 Alexandrinum,
1196 3995 1252 4082 qui

81 4121 143 4188 fuit
169 4120 317 4186 Favorini
344 4118 507 4185 familiaris
536 4117 639 4183 etsie
660 4115 809 4183 laudatur
831 4139 850 4183 a
871 4115 994 4182 Galeno
1016 4113 1056 4181 ad
1078 4115 1250 4203 Epigenem

80 4264 108 4310 c.
135 4241 154 4306 5
182 4241 279 4330 (XIV.
305 4239 368 4305 627
391 4237 535 4331 Kuhn.):
566 4237 579 4301 ί
607 4236 782 4318 Δημήτριος
809 4234 1031 4316 Ἀλεξανδρεὺς
1060 4232 1248 4315 Φαβωρίνου.

80 4366 165 4432 llaec
200 4359 312 4428 Galoni
347 4359 442 4428 verba
474 4358 514 4427 ad
546 4357 687 4426 libellum
718 4356 785 4440 περί
807 4355 967 4439 ἑρμηνείας
991 4364 1158 4422 traxerunt
1180 4352 1251 4420 freti
