2822 4540
672 267 714 330 22

45 555 49 564 .
159 493 204 558 lle
234 501 367 579 utraque
394 491 496 557 forma
526 487 722 570 Ἀγβάτανα
746 498 777 553 et
799 487 988 567 Ἐκβάτανα
1012 488 1113 574 deque
1136 485 1283 553 vocabuli

113 635 206 679 sensu
236 611 329 678 multi
354 620 505 700 egerunt3
532 608 601 674 vide
624 607 729 694 Steph.
753 608 789 674 B.
814 630 843 673 v.
868 608 968 687 Ἀγβ.
994 606 1042 675 ed.
1067 605 1282 684 Pinedo‚1lr-

114 741 274 798 nestum
303 731 336 796 in
366 729 464 795 Orell.
489 727 603 795 Onom.
626 726 710 794 Tull.
735 726 914 806 allebat,
945 727 1176 816 Hesychius
1198 728 1223 795 Ι.
1249 751 1281 815 p.

116 854 203 919 1127
226 848 448 930 Ἐκβατάνων,
473 846 653 936 Forbiger
671 847 794 914 Handb.
815 845 846 915 d.
866 847 950 913 alten
967 848 1084 936 Geogr.
1098 849 1128 912 ΙΙ
1140 849 1205 914 590
1217 869 1282 934 seq.

161 971 329 1056 Antiquior
351 969 453 1034 forma
475 966 688 1046 Ἀγβάτανα,
713 966 841 1032 ionibus
863 976 894 1033 et
916 967 989 1034 hinc
1007 969 1135 1056 tragicis
1152 969 1184 1033 in
1204 989 1282 1047 usu,

116 1090 275 1157 interdum
299 1089 369 1155 loco
391 1097 477 1153 mota
499 1097 545 1152 est
566 1086 606 1151 ab
628 1087 819 1162 recentiores
845 1109 944 1174 quum
967 1087 1000 1153 in
1019 1089 1119 1154 Ctesia
1137 1095 1169 1153 et
1184 1089 1284 1152 Hero-

117 1210 192 1277 doto
224 1208 350 1300 (Herod.
376 1213 406 1274 3.
433 1207 485 1273 δά.
511 1206 565 1272 64.
587 1205 669 1295 nge.
693 1207 726 1272 in
750 1209 856 1294 Syria,
881 1208 905 1274 Ι.
931 1209 983 1285 98,
1007 1207 1088 1296 egb.
1112 1207 1144 1272 in
1170 1204 1283 1295 Media)

117 1329 294 1416 Stephanus
324 1327 445 1416 legerat
469 1326 653 1414 Agbatana,
682 1325 775 1392 hodie
797 1328 830 1392 in
853 1326 1006 1413 excerptis
1028 1326 1146 1392 Ctesiae
1169 1325 1287 1412 ubique

117 1449 181 1538 legi
214 1447 373 1514 Ecbatana
409 1446 580 1518 Meiuekius
613 1456 737 1527 monet3
776 1445 857 1536 (vide
891 1447 924 1513 G.
955 1445 1125 1512 Mulierum
1153 1447 1187 1510 in
1216 1443 1286 1511 fra-

119 1568 254 1658 gmentis
287 1567 404 1632 Ctesiae
437 1588 468 1652 p.
501 1564 542 1668 25
573 1564 613 1630 ad
647 1566 765 1632 calcem
799 1565 949 1630 Herodoti
978 1565 1027 1634 ed.
1059 1563 1174 1654 Didot.)
1209 1565 1284 1630 item

118 1687 203 1776 apud
243 1685 436 1751 Herodotum
477 1707 564 1750 nunc
600 1684 755 1750 fluctuant
788 1684 978 1765 Ἐκβάτανα
1011 1698 1043 1752 et
1071 1687 1285 1766 Ἀγβάτανα.

118 1807 296 1873 Lectionem
322 1801 534 1884 Ἀγβάτανα,
560 1826 655 1890 quarn
679 1806 712 1870 iu
735 1803 850 1872 Herod.
879 1810 909 1870 1.
936 1805 989 1870 98.
1013 1803 1112 1870 codex
1134 1805 1285 1882 servavit,

119 1928 272 2014 potiorem
299 1948 364 1990 esse
393 1933 478 1988 recte
500 1922 688 2010 Forbigerus
711 1923 732 1990 l.
746 1923 768 1989 l.
793 1924 966 2010 suspicatus
989 1935 1050 2002 est,
1074 1924 1157 1990 idem
1181 1934 1286 1989 tamen
1406 1935 1407 2014 ρ

120 2054 271 2131 corrupto
300 2043 370 2109 loco
393 2041 503 2107 Isidori
526 2042 697 2110 Characeni
719 2041 865 2108 inductus
888 2054 935 2108 est
957 2054 992 2109 ut
1015 2043 1099 2130 apud
1122 2043 1208 2110 hunc
1230 2044 1286 2117 τὴν
1406 2067 1407 2070 ’

117 2162 243 2240 Μηδίας
268 2160 457 2243 ματρόπολιν
482 2159 542 2226 dici
564 2159 776 2239 Ἀτοβάτανα
800 2160 950 2226 crederet.
984 2160 1136 2228 Mullerus
1157 2164 1286 2229 novissi-

119 2305 192 2357 mus
219 2281 330 2348 isidori
360 2279 460 2348 editor
484 2279 613 2368 (Geogr.
635 2281 707 2347 lllin.
732 2282 757 2345 Ι.
781 2303 811 2367 p.
837 2281 913 2345 257.
936 2283 951 2366 p
977 2282 1006 2345 a.
1031 2281 1070 2348 cf.
1092 2282 1181 2348 null.
1205 2282 1286 2370 prol.

120 2427 150 2491 p.
171 2421 317 2468 cxxxvur
337 2412 369 2474 et
386 2398 476 2488 κατι)
497 2411 607 2466 contra
625 2402 842 2480 Mannertum,
862 2402 917 2488 qui
935 2401 1070 2468 formam
1089 2402 1286 2482 Ἀγβάτανα

120 2523 184 2588 iam
218 2531 291 2588 ante
324 2530 522 2607 reposuerat,
558 2542 653 2606 quam
680 2521 868 2610 Forbigerus
898 2543 955 2588 sua
984 2523 1121 2609 scripsit,
1150 2521 1288 2588 defendit

119 2643 286 2713 lectionem
309 2638 456 2720 Βάτανα,
481 2641 597 2727 quippe
619 2663 683 2727 qua
705 2642 821 2707 seriore
843 2651 875 2708 et
897 2651 1042 2708 truncata
1065 2642 1168 2708 forma
1190 2641 1287 2708 lsido-

118 2785 174 2830 rus
196 2761 349 2828 Strabone
371 2762 523 2848 posterior
547 2761 592 2826 uti
614 2761 761 2848 potuerit.

165 2884 272 2946 Unum
305 2879 451 2965 idemque
484 2880 593 2966 Syriae
627 2879 831 2966 oppidulum,
864 2881 1060 2960 Ἀγβάτανα
1091 2881 1289 2946 aDemetrio

122 3001 258 3079 dictum,
282 2999 476 3088 significatur
498 2998 538 3065 ab
560 2998 718 3064 Herodoto
741 2999 762 3065 l.
776 2999 813 3077 l.,
838 2999 940 3066 Plinio
963 3002 997 3078 5,
1030 3004 1067 3066 17
1087 3025 1118 3088 p.
1136 3003 1200 3066 329
1221 3001 1288 3087 Bip.
1405 2995 1406 3016 ¹

618 3246 796 3306 ΑΘΗΝΑΙ.

168 3477 401 3564 Stephanus
422 3480 527 3566 Hya:
553 3480 698 3554 Ἀθῆναι,
723 3479 830 3552 πόλεις
859 3479 944 3544 κατά
967 3480 1025 3558 μὲν
1047 3479 1148 3561 Ὧρον
1173 3480 1288 3555 πέντε,

124 3597 209 3664 κατά
226 3597 257 3662 δὲ
273 3597 396 3665 Φίλιννα
410 3595 456 3676 ἕξ.
471 3601 488 3673 ἡ
504 3599 534 3663 ἐν
547 3601 689 3683 Ἀττικῇ.
699 3598 892 3680 -Δεντὲρα
907 3598 997 3672 τάλις
1012 3601 1189 3676 Λακωνική,
1202 3601 1289 3681 τρίτη

125 3719 265 3800 Καρίας,
290 3717 424 3799 τετάρτκ
438 3718 644 3796 Λιγυστίνον,
661 3719 792 3798 adanon
812 3718 972 3794 Ἰταλίας,
991 3717 1065 3796 ἕκτη
1086 3721 1291 3799 Bridama-
1404 3741 1405 3778 ἐ

127 3837 245 3918 ididan
268 3837 485 3918 Ἀκαρνανίας,
515 3841 553 3912 ὡς
577 3839 768 3920 Δημήτριος,
799 3837 976 3914 Ἀθηναίους
1005 3841 1035 3904 ἐν
1065 3849 1103 3923 τῇ
1132 3840 1289 3922 Κουρήτιδα
1404 3849 1405 3857 ’

127 3959 300 4030 κτίσαντας
315 3957 405 4024 πάλιν
427 3959 558 4033 Ἀθάνας
576 3962 831 4038 τροςαγορεῦσαι.
855 3959 911 4032 τίον
931 3957 1062 4039 γάρνῦν
1083 3957 1289 4040 Ἀκαρνανίαν

125 4086 271 4160 Κουρῆτιν
297 4077 460 4160 ὠνόμαζον.
486 4077 577 4157 epaon
600 4077 759 4153 Βοιωτίας,
785 4080 802 4154 ἡ
825 4079 934 4154 ἕντῆς
957 4079 1069 4158 λίμνης
1086 4081 1290 4162 άναφαοεῖτα

126 4193 178 4262 ὅτε
200 4193 322 4276 Κράτος
344 4197 440 4271 αὐτὴν
466 4198 699 4280 διετάφρεοτεν.
731 4199 842 4275 ἐκλήθη
862 4199 893 4265 δὲ
912 4201 928 4275 ἡ
947 4197 1053 4274 τάλις,
1074 4197 1111 4272 ὥς
1132 4223 1211 4272 τινες
1231 4197 1289 4278 μέν

125 4320 241 4398 φασιν,
267 4313 415 4390 Ἀθῆναι,
439 4313 531 4382 ἄλλοι
549 4317 579 4383 δὲ
603 4317 810 4399 Ὀρχομενός,
836 4320 873 4393 ὡς
896 4320 922 4385 οἱ
942 4318 1074 4386 Βοιωτοί.
1100 4317 1165 4386 ἔστι
1185 4318 1216 4384 δὲ
1236 4318 1288 4384 καί
