2822 4540
683 243 723 308 23

116 471 146 534 ἐν
176 469 218 550 τῷ
247 465 381 548 Εὐξείνῳ
413 465 513 546 τόντςι
546 465 655 545 χωρίον
681 466 825 541 ’Λίῆνοιι,
858 469 895 540 ὥς
929 465 1097 548 Ἀρριοινίς.
1134 467 1200 534 ἔστι
1229 469 1281 534 aei

115 589 193 670 ἱερὸν
217 586 322 653 οιύτόίι
346 585 537 662 Ἑλληνικόν.

162 709 220 773 Hic
254 705 384 772 mutilus
414 716 445 772 et
475 705 557 771 male
585 704 708 772 habitus
731 705 819 772 locus
841 729 954 773 novem
976 707 1114 774 Athenas
1136 708 1280 794 praebet3

116 849 271 914 quasnam
299 850 339 893 ex
365 826 413 891 his
435 835 560 912 praeter
580 826 778 892 Acarnaniae
801 825 912 891 urbem
934 827 966 891 in
990 828 1147 894 Demetrio
1169 849 1283 892 recen-

116 948 190 1012 sitas
206 945 319 1012 viderit
339 944 515 1032 Stephanus
526 946 619 1032 eya,
643 968 729 1010 nunc
752 946 814 1011 iam
837 945 1002 1012 diiudicari
1021 949 1139 1034 nequit.
1170 947 1282 1012 Philon

116 1066 249 1154 Byblius
283 1064 441 1152 Stephano
473 1064 633 1144 laudatus,
669 1047 758 1130 buius
792 1088 870 1152 opus
902 1067 969 1147 περὶ
1006 1066 1124 1132 πόλεων
1151 1067 1203 1133 arri
1232 1064 1282 1140 οὓς

116 1184 237 1261 ἑκοίστη
266 1187 366 1250 αὐτῶν
392 1181 527 1262 ἐνδόξους
557 1185 669 1262 darnae
698 1183 898 1250 vehementer
924 1184 1135 1252 desideramus
1158 1185 1283 1250 saeculo

116 1306 221 1391 primo
244 1314 313 1390 post
334 1302 406 1370 Chr.
429 1303 522 1384 vixit3
547 1303 600 1392 (cf.
611 1303 726 1370 Mulier
743 1305 775 1368 F.
788 1307 826 1369 Η.
845 1304 901 1370 Gr.
914 1306 1049 1373 nuato
1060 1304 1158 1394 seqq.)
1184 1303 1282 1383 Orus,

117 1426 361 1512 grammaticus,
386 1421 517 1488 Philone
539 1422 634 1510 longe
656 1422 760 1488 iunior
782 1423 851 1489 tuit.

163 1547 326 1608 Romanus
347 1542 402 1608 ille
424 1541 597 1628 polyhistor
611 1543 768 1608 Demetrio
790 1542 945 1629 aequalis,
969 1546 1072 1612 Varro
1081 1575 1094 1624 ,v
1114 1545 1201 1610 novit
1223 1555 1285 1606 tres

119 1675 245 1730 tantum
274 1663 411 1728 Athenas
432 1664 548 1750 (Varro
570 1663 603 1726 L.
617 1663 650 1726 L.
675 1664 706 1727 8.
734 1662 806 1748 18),
831 1686 871 1728 ne
893 1663 1038 1730 Straboni
1060 1664 1186 1751 quidem
1210 1664 1285 1750 plu»

119 1806 171 1848 res
193 1792 421 1848 memorantur.
460 1782 518 1847 llic
539 1782 578 1846 de
600 1782 795 1848 Acarnaniae
817 1782 916 1848 κτίσει
940 1793 971 1848 et
994 1783 1032 1849 de
1054 1784 1218 1850 Curetibus
1238 1783 1284 1848 lo·

120 1913 216 1970 cutus
245 1902 285 1968 ab
316 1924 381 1966 uno
407 1900 533 1987 Ephoro
554 1900 669 1986 pendet
691 1901 816 1990 (Strabo
838 1925 869 1988 p.
893 1903 958 1968 462
982 1927 1007 1968 c.
1031 1902 1130 1991 seqq.)
1154 1913 1185 1969 et
1207 1904 1288 1969 sicut

121 2023 161 2089 ad
183 2021 380 2087 Athenarum
399 2019 609 2086 Euboicarum
629 2020 728 2086 κτίσιν
746 2031 853 2088 testem
870 2021 978 2088 laudat
993 2022 1169 2109 Ephorum,
1189 2023 1233 2088 sic
1249 2046 1289 2088 ex

120 2142 246 2220 eodem,
271 2142 431 2208 historiam
456 2140 652 2207 coloniarum
675 2141 715 2206 ab
737 2140 866 2206 Athenis
888 2142 995 2206 Atticis
1018 2141 1172 2208 factarum
1193 2165 1287 2229 expo-

120 2273 231 2341 nente,
263 2261 438 2327 Demetrius
460 2281 516 2326 sua
539 2259 578 2326 de
599 2260 795 2326 Acarnaniae
818 2259 897 2326 urbe
919 2259 1067 2326 hauserit.
1113 2262 1288 2330 Verisimile

121 2393 167 2446 est
188 2382 383 2446 Demetrium
402 2379 673 2466 praeterAtticas‚
693 2380 818 2446 nonnisi
836 2389 898 2444 tres
915 2379 1066 2459 Athenas,
1090 2380 1286 2446 Acarnaniae

120 2500 265 2568 Euboeae
295 2510 327 2565 et
354 2501 500 2565 Boeotiae
529 2499 729 2565 recensuisse.
774 2501 821 2564 Ex
850 2498 979 2586 reliquis
1008 2500 1147 2586 quinque
1170 2501 1190 2566 3
1214 2511 1288 2565 sunt

120 2618 346 2707 relinquendae
364 2619 539 2705 Stephano,
561 2619 676 2705 quippe
695 2619 749 2705 qui
766 2619 867 2686 varias
878 2618 995 2684 formas
1007 2619 1211 2699 confudisset,
1236 2621 1286 2684 ri·

120 2742 233 2808 delicet
256 2739 355 2806 altera
376 2743 393 2817 ἡ
418 2739 583 2814 Auxerunt
606 2739 681 2804 urbs
699 2763 763 2804 non
783 2740 908 2814 ’Λίῆνοιι
932 2739 1104 2806 vocabatur
1123 2740 1176 2805 sed
1195 2739 1285 2815 'ats-

120 2861 211 2928 νοιίιον
242 2860 385 2950 (Ptolem.
408 2861 439 2926 3.
465 2861 517 2925 16.
541 2858 612 2949 52);
645 2860 719 2925 item
747 2859 857 2945 quinta
878 2859 1003 2947 (Strabo
1024 2883 1055 2947 p.
1080 2862 1185 2946 22,p
1219 2861 1284 2924 242

119 2992 151 3046 et
174 2983 257 3060 247,
282 2979 412 3046 Ptolem.
436 2980 467 3045 3.
490 2982 519 3045 1.
540 2982 559 3045 8
581 2979 620 3044 cf.
644 2978 749 3065 Steph.
769 2979 805 3042 B.
825 2978 873 3044 ed.
886 2978 1003 3044 Pincdo
1021 3001 1050 3046 v.
1071 2981 1214 3058 ῗΑόῆνοιι,
1234 2979 1284 3044 Li-

119 3103 189 3166 vius
211 3101 265 3166 38.
293 3099 323 3189 l)
352 3110 384 3165 et
405 3099 497 3164 tertia
520 3097 646 3186 (Strabo
669 3123 699 3185 p.
725 3098 801 3187 640)
825 3122 890 3164 non
912 3100 1038 3173 Ἀόιῐνιοι
1063 3120 1174 3164 verum
1193 3100 1284 3174 ’nta-

120 3245 202 3287 νοιιον
234 3219 428 3286 dicebantur.
473 3218 626 3284 Arrianus
657 3217 733 3304 quid
766 3218 879 3284 dixerit
908 3217 946 3283 de
973 3218 1100 3284 Athenis
1128 3220 1160 3284 in
1184 3219 1284 3284 Ponto

120 3341 243 3407 Euxino
265 3339 334 3405 vide
357 3339 389 3404 in
412 3339 529 3426 Geogr.
552 3338 625 3402 Min.
648 3338 674 3401 Ι.
708 3360 739 3424 p.
764 3338 828 3404 372
851 3341 866 3423 5
890 3338 976 3404 5-8
1000 3338 1040 3404 cf·
1059 3362 1091 3425 p.
1111 3340 1185 3406 411.
1205 3341 1220 3424 §
1241 3339 1282 3406 39

119 3485 183 3548 seq.
208 3462 312 3547 ibique
333 3458 514 3524 Mullerum.

597 3672 801 3734 ΑΙΣΧΙΝΑΙ.

162 3943 367 4028 Diogenes
394 3936 585 4002 Laertius
614 3938 654 4004 ll.
680 3937 733 4004 64.
768 3938 920 4018 Γεγόνοισι
953 3939 979 4004 δ’
1008 3939 1159 4021 Αίσχίνοιι
1193 3942 1281 4008 tarsi.

118 4067 235 4143 apricas
260 4061 353 4131 airis
371 4053 456 4131 οὗτος
483 4056 630 4146 (Socratis
649 4056 845 4147 discipulusl·
867 4057 1004 4140 δεύτερος
1020 4060 1046 4124 δ’
1061 4059 1074 4123 ὁ
1089 4059 1148 4132 τὰς
1165 4061 1283 4142 σίχνοις

117 4183 290 4265 γεγραφὼς
317 4179 376 4252 τοὶς
408 4175 577 4263 ῥητορικός·
614 4175 713 4259 τρίτος
745 4177 759 4240 ὃ
791 4177 886 4260 ῥήτωρ
913 4177 926 4241 ό
957 4178 1043 4244 κοινοί
1074 4179 1282 4257 Δημοσθένην.

117 4301 265 4383 τίτοιρτος
288 4298 423 4382 Ἀρκάς,
448 4299 589 4380 nataris
616 4295 819 4381 Ἰσοκριίτονς·
844 4297 987 4379 aturrus
1012 4298 1026 4362 ό
1050 4306 1281 4374 Μντιιιννοιῑοι,
