2848 4546
663 329 704 391 87

95 551 122 617 δ’
145 552 238 618 αύτὸν
265 554 440 634 Δημήτριος
465 553 496 615 ἐν
522 549 691 629 ὁμωνύμως
712 550 808 628 μηδὲν
833 559 1023 617 καταλιπεῖν
1047 549 1262 633 σύγγραμμα.

96 670 137 738 ef.
161 672 309 760 mog.·n.
335 673 420 740 vm.
447 673 477 737 ι.

15 777 16 792 ’
143 793 271 856 Praeter
294 793 467 878 Hippasum
490 789 724 876 Pythagoreum
749 788 802 853 alii
825 799 914 867 sunt,
939 789 993 875 qui
1014 789 1104 856 nulla
1127 788 1261 876 relique-

97 919 174 976 runt
202 912 318 997 scripta
341 922 372 976 et
395 933 414 974 a
438 910 597 975 Demetrio
626 911 708 974 inter
730 907 907 988 ὁμωνύμους
932 911 1097 997 scriptores
1119 912 1263 976 recensiti

15 997 16 1044 7
96 1041 185 1107 sunt,
210 1040 246 1094 ut
264 1029 377 1096 Thales
395 1029 543 1106 Milesius,
564 1030 721 1107 Socrates,
745 1027 922 1093 Arcesilaus
939 1028 1145 1095 Academicus
1165 1029 1262 1117 (Clin-

95 1160 150 1214 ton
172 1151 205 1216 F.
230 1152 269 1214 H.
292 1150 348 1216 Ill.
373 1172 404 1235 p.
429 1146 507 1237 528)
533 1146 708 1213 Carneades
740 1145 836 1236 (Plut.
865 1146 904 1212 de
927 1149 998 1212 virt.
1026 1147 1115 1213 Alex.
1140 1171 1170 1234 p.
1197 1149 1261 1212 238

90 1267 137 1335 id.
161 1267 200 1333 de
223 1268 297 1336 disc.
322 1267 407 1333 adul.
431 1278 462 1334 et
485 1268 585 1333 amico
609 1291 635 1332 c.
663 1266 717 1355 22)
742 1265 937 1354 Pythagoras
963 1267 1063 1355 (Voss.
1089 1266 1127 1331 de
1150 1269 1187 1333 Η.
1204 1267 1260 1334 Gr.

94 1412 125 1475 p.
152 1391 205 1454 11.
228 1390 283 1454 W.
314 1387 426 1452 Galen.
457 1389 527 1455 XV.
552 1388 594 1452 68
619 1383 744 1472 Kuhn).
790 1385 843 1450 His
873 1385 952 1451 adde
973 1388 1146 1474 Diogenem
1168 1387 1262 1474 Cyni-

93 1531 167 1573 cum
194 1509 296 1597 (Diog.
320 1507 353 1570 L.
378 1508 431 1575 Vl.
453 1505 508 1595 80)
532 1505 563 1570 et
584 1505 777 1590 Aristippum
809 1502 913 1592 (Diog.
937 1507 969 1570 L.
988 1506 1028 1569 ll.
1049 1507 1121 1593 84),
1146 1529 1165 1570 e
1188 1507 1262 1591 qui·-

94 1625 153 1692 bus
175 1627 345 1692 Sosicrates
375 1625 529 1703 Rhodius,
555 1625 718 1705 Διαδοχῶν
742 1624 892 1712 diligens,
921 1635 958 1690 ut
983 1624 1120 1704 videtur,
1153 1638 1262 1692 auctor

93 1746 316 1832 Demetrioque
346 1745 521 1831 antiquior,
554 1745 660 1810 omnia
682 1743 744 1809 illis
770 1743 888 1810 tributa
910 1746 1025 1832 scripta
1054 1743 1261 1811 adiudicabat.

93 1865 134 1930 ef.
158 1866 331 1953 Diogenem
354 1867 388 1928 L.
412 1865 444 1929 in
468 1887 608 1950 prooem.
632 1866 649 1948 ὁ
676 1864 706 1928 6.

139 1983 251 2066 ἕτερος.
298 1983 348 2049 Ad
370 1983 455 2047 hune
477 1993 562 2048 recte
583 1982 762 2048 retulerunt
784 1983 936 2050 Athenaei
959 1984 1053 2050 verbe
1072 1985 1104 2050 in
1128 1984 1262 2069 epitome

94 2103 168 2167 libri
191 2103 284 2188 primi
307 2124 338 2187 p.
365 2104 415 2166 14.

607 2259 755 2317 ΙΣΛΙΟΙ.

137 2461 461 2548 Harpocration,
485 2461 622 2531 Ἰσαῖος
646 2497 691 2508 -
713 2461 873 2535 Ἀύκνοοῒος
889 2462 924 2526 τὸ
940 2461 1046 2539 γένος,
1063 2459 1144 2525 καύοὸ
1169 2465 1264 2542 φασιν

89 2581 271 2664 Ἕρμιππος
302 2582 331 2644 ἕν
358 2580 394 2659 β’
418 2579 486 2660 rapt
507 2584 565 2643 τῶν
585 2577 778 2659 Ἰσοκράτους
802 2581 958 2658 μαύκτοὸν.
986 2581 1161 2661 Δημήτριος
1184 2581 1210 2644 δ’
1232 2583 1262 2644 ἕν

92 2711 157 2775 τοῖς
185 2701 253 2782 περὶ
279 2699 445 2778 ὁμωνύμων
472 2704 603 2775 ποιητῶν
631 2698 792 2764 Χαλκιδέα
814 2700 910 2782 Φκσὸν
935 2701 1028 2766 αύσὸν
1052 2696 1140 2765 εἶναι.

137 2821 303 2908 Dionysius
337 2818 435 2884 Halic.
464 2819 494 2883 in
526 2819 615 2904 initio
638 2817 745 2883 iudicii
766 2817 805 2884 de
828 2821 932 2898 Isaeo,
958 2819 1093 2884 eundem
1116 2821 1260 2908 Hermip-

93 2964 170 3026 pum
194 2952 225 3005 et
253 2941 446 3005 Demetrium
477 2939 645 3025 respiciens
675 2937 811 3024 scripsit:
850 2941 1004 3020 ,,Ἰσαιος,
1035 2941 1073 3011 ιὸς
1100 2938 1157 3017 μέν
1179 2964 1259 3013 τινες

92 3064 281 3144 ἱστοροῦσιν,
306 3063 466 3136 Ἀθηναῖοι
491 3054 524 3134 ἦν
553 3059 588 3124 τὸ
612 3057 712 3136 γένος·
735 3058 825 3130 ὡςδὲ
848 3054 940 3139 ἕτεροι
970 3057 1147 3141 γράφουσι,
1171 3071 1258 3125 Χαλ-

92 3179 230 3253 κιδεύς.”
276 3177 605 3244 Pseudo-Plutarchus
635 3179 666 3242 in
698 3181 739 3242 X.
768 3185 859 3242 orett.
890 3177 972 3257 vitis,
1008 3188 1039 3243 et
1061 3178 1134 3243 alibi
1158 3189 1188 3242 et
1210 3178 1261 3245 hic

92 3300 287 3364 Demetrium
310 3309 448 3377 secutur,
473 3297 566 3363 dixit:
597 3301 731 3380 ,,Ἰσοιῖος
759 3297 931 3368 Χαλκιδεὺς
955 3297 1012 3374 μὲν
1036 3292 1069 3371 ἦν
1095 3296 1257 3378 τὸγένος,

93 3418 347 3500 παραγενόμενος
372 3418 398 3482 δ’
421 3419 464 3489 εἰς
488 3415 656 3492 Ἀύήνας.”
682 3426 741 3481 cet.

137 3540 244 3603 Isaeus
273 3560 399 3624 quoque
429 3537 605 3602 testimonio
627 3545 689 3615 est,
720 3536 926 3622 Hermippum
949 3546 981 3600 et
1004 3537 1197 3604 Demetrium
1220 3538 1258 3605 de

93 3659 128 3724 iis
157 3659 252 3724 rebus
284 3659 453 3724 scribentes
488 3680 551 3722 non
583 3655 691 3720 eadem
721 3678 844 3741 semper
878 3655 1053 3736 tradidisse,
1089 3659 1153 3722 utri
1184 3656 1259 3725 fides

95 3779 194 3844 maior
217 3777 268 3843 hic
289 3777 433 3843 habenda
454 3777 510 3857 sit,
542 3776 757 3862 unusquisque
784 3775 868 3841 videt
902 3778 956 3862 qui
985 3786 1126 3863 reputet,
1162 3800 1258 3863 quam

95 3898 188 3964 multi
210 3898 288 3976 viri,
313 3898 490 3963 litterarum
512 3896 564 3961 vel
585 3883 876 3984 rerumgestarum
895 3895 988 3962 laude
1010 3896 1171 3976 florentes,
1196 3921 1260 3964 non

95 4017 187 4083 illum
210 4017 330 4096 locum,
355 4016 439 4082 unde
462 4038 573 4083 revera
596 4016 721 4082 oriundi
743 4016 885 4095 fuerant,
910 4017 1054 4082 sedeam
1067 4019 1192 4097 urbem,
1207 4021 1262 4086 ubi

95 4137 210 4226 degere
233 4135 314 4201 soliti
337 4135 462 4202 laudem
486 4159 576 4202 suam
598 4137 682 4202 nacti
700 4134 843 4215 fuissent,
868 4135 950 4201 hanc
965 4137 1098 4222 patriam
1119 4161 1192 4203 casu
1208 4150 1263 4204 aut

95 4257 231 4324 vanitate
253 4254 395 4322 habuisse
425 4256 615 4323 dicerentur.
661 4255 822 4322 Nonnulla
841 4255 985 4343 exempla
1007 4256 1081 4322 huic
1103 4258 1149 4323 rei
1171 4267 1261 4324 testes

97 4377 203 4445 attulit
225 4375 345 4442 lonsius
368 4377 392 4440 Ι.
418 4379 448 4441 2.
473 4377 503 4441 6.
