2822 4540
702 281 741 344 16

185 503 342 572 Demetrio
359 503 537 584 ὁμωνύμους
560 501 655 568 urbes
677 501 840 590 indaganti
858 499 1006 587 patebant
1024 510 1055 567 et
1078 501 1131 566 alii
1154 501 1255 568 fontes
1279 509 1312 566 et

139 625 358 692 commentarii
380 625 412 689 in
436 624 581 711 antiquos
604 631 727 711 poetas,
745 633 885 688 oratores
899 631 931 688 et
948 620 1110 687 historicos
1131 622 1311 708 conscripti.

138 744 237 810 Multa
266 744 465 834 grammatici
502 743 734 830 conquisivere,
766 763 867 827 quum
894 763 986 828 saepe
1015 739 1202 828 ambiguum
1229 751 1311 806 esset

139 887 295 951 quaenam
319 862 394 928 urbs
423 861 474 928 vel
498 861 586 928 locus
608 862 843 950 designaretur,
867 858 962 926 iidem
986 860 1027 925 ob
1048 861 1152 928 varias
1173 861 1206 927 in
1231 883 1310 948 quas

139 984 244 1049 abiere
267 983 429 1070 opiniones
451 1004 515 1049 non
538 983 604 1047 sine
627 992 720 1047 cauta
743 990 774 1046 et
796 979 944 1067 prudenti
967 979 1115 1061 ἐπικρίσει
1140 979 1310 1046 adhibendi

140 1113 241 1170 eraut.
270 1104 351 1168 Nam
374 1100 428 1167 ubi
450 1100 610 1181 ὁμωνυμία
630 1101 672 1168 ibi
696 1109 727 1166 et
742 1097 945 1183 supremis,
969 1098 1029 1164 hae
1048 1099 1174 1178 δίδυμον
1192 1100 1224 1165 in
1245 1100 1311 1164 vita

139 1221 320 1310 quotidiana
348 1222 417 1288 ioca
447 1231 479 1286 et
506 1220 629 1306 lepores
651 1222 686 1285 ἐκ
710 1225 769 1284 τῶν
794 1217 951 1298 ὀνομάτων
982 1241 1095 1306 parere
1118 1217 1194 1285 olim
1221 1241 1310 1286 ama-

139 1342 216 1434 bant
240 1341 265 1430 ¹)
299 1351 330 1408 et
359 1365 484 1430 semper
511 1351 635 1422 amant3
668 1340 725 1406 has
753 1338 942 1406 invocabant
967 1349 1079 1426 podiae
1108 1350 1164 1405 aut
1185 1339 1232 1406 illi
1255 1341 1312 1427 qui

139 1461 299 1527 malebant
322 1463 506 1541 μυθολογεῖν
526 1461 544 1538 ἢ
570 1463 719 1543 ἱστορεῖν,
745 1471 801 1526 aut
822 1469 909 1526 vates
931 1458 1046 1547 quibus
1067 1459 1211 1525 locorum
1230 1460 1312 1540 ὅμω-

139 1578 235 1659 ννμίοο
266 1603 392 1668 quoque
421 1581 550 1670 egregia
579 1579 697 1646 auxilia
729 1579 882 1668 praestitit
913 1601 1012 1666 quum
1043 1577 1249 1666 ambiguitate
1279 1602 1313 1644 se

140 1700 223 1766 tueri
245 1709 276 1764 et
299 1699 441 1766 homines
470 1699 581 1767 ludere
606 1700 789 1782 studebant3
822 1699 896 1766 hinc
916 1697 1132 1782 χρησμολόγον
1158 1696 1313 1765 canebant
1402 1777 1403 1798 Χ

141 1821 176 1884 ’τὸ
200 1820 474 1901 δομοεθρνλημένον
495 1819 543 1910 ²):

229 1937 295 2004 ἔστι
319 1939 422 2012 Πύλος
446 1941 502 2020 πρὸ
526 1940 652 2006 Πύλοιο·
676 1939 778 2013 Πύλος
804 1939 843 2019 μέ
866 1939 924 2019 μὲν
949 1941 1015 2004 tort
1040 1938 1093 2004 κον)
1117 1937 1215 2016 ἄλλον.

184 2059 305 2124 Nomen
336 2058 416 2125 illud
450 2059 549 2148 Pylus
581 2061 644 2126 iam
679 2060 754 2127 olim
788 2059 905 2126 multos
939 2060 1079 2126 exercuit
1106 2069 1311 2147 quaerentem

141 2200 296 2265 quaenam
331 2201 370 2244 ex
403 2179 502 2245 tribus
531 2180 668 2247 Nestoris
701 2181 802 2267 patria
832 2189 910 2246 esset
937 2179 1081 2245 habenda
1109 2179 1142 2245 in
1172 2182 1313 2245 Homero

143 2297 279 2386 (Scholia
298 2296 386 2363 Iliad.
399 2309 433 2364 B.
452 2300 528 2366 491.
548 2309 590 2366 Λ.
610 2299 706 2386 726),
731 2311 763 2366 et
785 2301 899 2386 passim
921 2298 961 2364 ed
980 2299 1115 2365 eundem
1127 2308 1252 2386 poetam
1265 2310 1311 2364 at-

140 2418 281 2506 tigerunt
310 2418 343 2482 in
373 2419 437 2483 sois
464 2419 666 2500 ὑπομνήμοοον
697 2419 841 2486 locorum
868 2421 1097 2506 nominumque
1119 2417 1309 2498 ὅμωνομίοος.

140 2538 254 2602 Fecere
283 2534 344 2602 hoc
373 2537 575 2625 Pergameni,
600 2539 674 2605 iecit
694 2538 895 2605 Aristarchus
920 2539 1003 2628 (Sch.
1027 2537 1066 2606 Il.
1089 2549 1112 2602 B
1137 2537 1220 2618 837,
1245 2539 1312 2602 839

140 2664 172 2721 Ν
198 2657 261 2722 643
285 2665 311 2720 E
336 2656 416 2743 576)
441 2657 570 2744 eiusque
593 2659 732 2747 aequalis
755 2660 932 2725 Demetrius
954 2659 1110 2746 Scepsius,
1135 2659 1190 2745 qui
1212 2680 1231 2724 a
1252 2659 1313 2723 De-
1402 2669 1403 2686 ²

142 2775 255 2841 metrio
289 2779 434 2866 Magnete
469 2788 500 2843 et
537 2788 643 2865 postea
685 2801 704 2844 a
742 2777 896 2844 Strabone
926 2777 1139 2867 singularibus
1168 2775 1315 2842 laudibus

142 2896 275 2961 effertur
304 2906 338 2961 et
364 2895 485 2984 grande
513 2919 591 2984 opus
621 2897 660 2964 de
689 2899 820 2963 navium
847 2897 991 2986 catalogo
1014 2896 1167 2977 condidit3
1192 2919 1233 2961 ex
1254 2893 1315 2961 hoc

143 3036 238 3100 opere
266 3013 477 3102 Apollodorus
501 3015 697 3083 Atheniensis
720 3017 859 3105 plurima
880 3017 913 3082 in
936 3040 1009 3083 suos
1032 3016 1127 3082 libros
1149 3015 1217 3096 περὶ
1242 3020 1314 3082 νεῶν

143 3132 326 3213 zafariam
351 3134 509 3201 transtulit
531 3146 577 3217 et,
603 3147 638 3202 ut
660 3137 727 3217 ille,
756 3136 863 3204 docuit
879 3136 1038 3224 quomodo
1061 3137 1074 3201 d
1099 3134 1226 3213 ποιητής
1250 3134 1316 3220 ipse

143 3252 336 3342 homonyma
366 3253 558 3344 distinguere
587 3257 710 3324 soleret.
758 3258 848 3341 Quae
878 3256 911 3323 hi
938 3257 998 3323 viri
1026 3279 1163 3343 quorum
1185 3252 1316 3342 vestigia

143 3372 176 3440 in
198 3373 312 3438 nostris
338 3373 462 3440 scholiis
495 3374 535 3441 ed
564 3375 694 3442 iliadem
725 3376 923 3463 aliquatenus
959 3376 1104 3463 persequi
1133 3395 1315 3464 possumus,

148 3491 274 3582 (Strabo
290 3517 321 3580 p.
340 3493 404 3558 339
425 3493 497 3561 Sch.
519 3494 556 3563 ll.
576 3506 599 3559 B
621 3494 699 3585 511)
726 3518 871 3582 quaeque
892 3493 940 3561 his
963 3495 1135 3561 anteriores
1158 3492 1316 3578 conscrip-

145 3622 268 3691 serunt,
293 3635 329 3677 ea
352 3612 499 3680 adhibere
521 3613 629 3682 debuit
648 3616 823 3681 Demetrius
840 3617 979 3703 Magnes.
1015 3617 1088 3680 Post
1110 3637 1184 3681 eum
1204 3615 1318 3682 Strabo

146 3731 283 3797 maxime
315 3734 435 3799 notavit
469 3733 611 3801 locorum
646 3734 845 3815 ὁμονομνόοςς
881 3733 932 3801 hic
961 3735 1161 3821 superiorum
1195 3734 1318 3800 labores

145 4014 307 4079 negligentia
322 4013 413 4065 Strabo
430 4015 518 4064 eadem
535 4014 623 4066 vitiosa
637 4015 797 4082 περνφράσεν
813 4029 873 4066 usus
884 4015 956 4066 affert
969 4015 1140 4065 Menecratem
1153 4015 1198 4080 qui
1207 4014 1318 4074 Κτίσεις

144 4100 286 4165 scripserat,
305 4101 332 4150 ἐν
348 4108 405 4155 τοῖς
418 4096 484 4166 περὶ
498 4101 609 4149 κτίσεων
625 4098 725 4164 (Strabo
739 4115 763 4164 p.
775 4103 823 4148 621
835 4100 876 4160 cl.
889 4099 951 4148 Tria
959 4097 1009 4146 alia
1019 4097 1135 4162 exempla
1142 4112 1175 4148 ex
1184 4098 1320 4152 Athenaeo

145 4198 171 4248 p.
189 4187 253 4244 481,
272 4185 336 4246 541,
355 4185 404 4234 687
423 4185 500 4249 petita
516 4184 619 4248 protulit
635 4184 761 4234 Mullerns
777 4183 821 4234 Fr.
839 4183 875 4233 H.
894 4183 931 4233 ΙΙ.
953 4186 992 4232 10.
1010 4181 1042 4232 ci.
1061 4183 1099 4232 ΙΙ.
1118 4188 1168 4234 302
1186 4197 1238 4250 seq.

162 4267 202 4334 ·¹)
218 4269 324 4320 Aristot.
341 4269 445 4320 Rhetor.
462 4269 514 4319 111.
535 4270 576 4319 17.
594 4267 714 4330 Quinctil.
732 4269 755 4319 Ι.
774 4266 805 4320 0.
824 4268 903 4320 v111.
921 4282 946 4330 p.
967 4268 1027 4317 647.
1046 4267 1078 4316 Β.

181 4351 202 4422 ²)
220 4352 260 4406 Gi.
276 4353 367 4406 Strabo
385 4357 436 4403 339
454 4351 482 4405 C.
501 4353 631 4420 Aristoph.
649 4354 706 4420 Eq.
718 4355 793 4403 1⁰51.
810 4352 894 4419 ibique
911 4349 1023 4405 Scholia.
