2822 4540
720 277 738 337 2

149 512 232 582 erat,
253 510 345 567 antea
359 507 551 589 cognoverat
567 498 691 563 Parisiis
706 498 857 563 Comitem
870 496 908 562 de
923 495 1123 576 Marcellum,
1145 496 1199 582 qui
1215 517 1314 580 quum

150 621 288 688 multum
318 619 435 706 diuque
462 618 516 685 sed
545 617 662 684 frustra
689 626 859 704 occupatus
889 617 996 683 fuisset
1022 617 1055 682 in
1084 614 1189 681 Nonni
1211 613 1316 680 denuo

149 743 207 807 sibi
237 739 348 806 edendi
376 739 562 828 biographia
584 738 807 804 conscribenda
829 737 955 804 tandem
979 739 1008 802 ei
1031 760 1049 802 a
1071 734 1317 837 Sl²²²⁰²1²l²f²²

150 871 316 949 gmentum
339 859 497 947 quoddam
520 858 752 945 suppeditatum
772 869 834 935 est,
859 859 891 923 iu
912 881 976 944 quo
995 857 1173 946 fragmento
1192 854 1316 920 initium

151 981 300 1045 Demetrii
323 980 475 1068 Magnetis
497 980 613 1067 operis,
638 979 702 1043 vita
724 979 827 1043 Nonni
851 979 981 1065 eiusque
1000 978 1150 1056 ὁμώνυμοι
1171 976 1316 1040 inessent.

150 1100 189 1164 Et
212 1110 348 1185 quantae
374 1099 516 1165 fallaciae
544 1099 627 1164 circa
650 1099 843 1163 Demetrium
872 1098 929 1164 sibi
956 1107 1154 1164 struerentur
1175 1093 1214 1159 de
1236 1095 1318 1158 Mar-

153 1209 271 1276 cellum
295 1233 420 1298 quoque
443 1210 555 1290 latuit,
593 1217 732 1276 attamen
767 1208 863 1298 paulo
897 1211 1018 1276 cautius
1051 1223 1083 1276 et
1115 1213 1318 1298 prudentius,

151 1352 246 1416 qnam
270 1331 303 1395 in
325 1331 443 1396 Uranio
467 1331 520 1395 alii
550 1353 625 1395 mox
648 1329 766 1409 fecere,
791 1354 823 1396 se
846 1331 952 1418 gessit,
985 1353 1019 1396 re
1042 1332 1127 1398 enim
1145 1333 1225 1399 bene
1249 1357 1321 1420 per-

152 1470 264 1534 pensa,
289 1461 325 1514 ut
346 1461 456 1515 narrat
477 1449 516 1515 de
538 1450 704 1516 Marcellus
720 1451 763 1539 ²),
789 1461 895 1536 postea
918 1450 1070 1516 Simonidi
1092 1476 1124 1518 se
1146 1455 1237 1519 novis
1259 1454 1322 1519 illis

153 1569 296 1634 subsidiis
330 1593 395 1635 non
430 1593 564 1635 usurum
598 1569 693 1651 dixit,
722 1570 837 1657 quippe
867 1572 921 1657 qui
948 1573 1086 1658 graviter
1109 1573 1150 1638 ibi
1174 1573 1259 1660 quod
1281 1574 1322 1639 ad

151 1689 317 1769 Nonnum,
348 1700 512 1776 peccatum
548 1713 613 1755 esse
642 1691 675 1755 in
709 1701 888 1776 temporum
923 1691 1075 1756 rationem
1106 1691 1320 1762 intellexisset.

152 1809 261 1890 Quum
290 1809 389 1898 igitur
418 1809 466 1875 his
487 1810 560 1897 ipsis
588 1809 780 1897 temporibus
803 1811 996 1902 Demetrium
1024 1813 1201 1900 Magnetem
1224 1813 1323 1879 semel

151 1939 183 1992 et
212 1929 327 1994 iterum
358 1930 528 1996 memorari
554 1928 709 2008 videmus,
740 1908 991 2046 simulappqqpt
1019 1954 1114 2019 quam
1144 1933 1323 2001 oblitterata

152 2047 218 2114 eius
240 2049 350 2114 notitia
376 2050 416 2114 sit
445 2059 663 2136 quantumque
692 2048 801 2122 σκότος
828 2050 1073 2152 ἐπιπεπόλακεντ
1121 2053 1193 2118 Fuit
1215 2063 1322 2118 tamen

152 2190 256 2252 neque
286 2168 336 2232 vir
364 2167 527 2255 ignobilis,
559 2191 662 2255 neque
691 2169 831 2235 obscuris
860 2171 1054 2256 temporibus
1083 2171 1178 2251 vixit,
1211 2183 1324 2238 contra

153 2285 315 2352 doctrinae
344 2285 438 2352 laude
467 2287 589 2367 floruit,
621 2311 762 2375 opusque
797 2288 1037 2355 celeberrimum
1068 2293 1206 2378 scripsit,
1237 2292 1324 2358 undo

150 2405 244 2472 multi
267 2417 375 2492 postea
396 2406 541 2473 hortulos
571 2430 643 2474 suos
665 2408 858 2497 irrigarunt,
887 2408 965 2474 adeo
988 2419 1024 2474 ut
1046 2410 1113 2475 eius
1135 2411 1323 2478 memoriam

150 2527 314 2612 operisque
336 2526 486 2612 reliquias
506 2529 663 2594 servarint
684 2530 849 2616 scriptores
878 2529 932 2615 qui
954 2529 987 2594 in
1010 2530 1152 2595 omnium
1176 2530 1325 2596 manibus

151 2669 217 2712 esse
239 2645 349 2714 solent.
397 2648 480 2714 Dum
503 2649 604 2714 maior
634 2648 886 2736 fragmentorum
910 2671 1000 2734 pam,
1023 2650 1172 2714 Demetrii
1194 2651 1325 2715 nomine

153 2764 266 2830 omisso
296 2764 335 2830 ad
364 2791 421 2834 nos
448 2779 677 2854 pervenerunt,
706 2778 737 2834 et
759 2767 876 2833 idcirco
899 2767 989 2833 hodie
1013 2767 1137 2834 latitant
1158 2769 1325 2835 Demetrii-

154 2904 215 2968 que
239 2905 303 2948 esse
326 2884 391 2952 fere
416 2887 622 2975 ignorantur,
654 2897 759 2953 tamen
792 2887 887 2952 ceteri
918 2887 996 2967 loci,
1029 2888 1082 2953 ubi
1106 2889 1190 2954 testis
1209 2890 1326 2954 citatur

154 3000 269 3068 indicia
291 3015 355 3071 tam
377 3005 491 3074 diserta
517 3018 549 3074 et
582 3007 759 3074 luculenta·
779 2995 952 3094 praebent,
986 3017 1023 3072 nt
1053 3008 1168 3074 bonam
1201 3021 1325 3097 partem

155 3120 303 3202 illorum,
324 3147 405 3210 quae
422 3149 509 3194 nunc
527 3127 689 3194 ἀδέσποτα
698 3127 980 3206 circumferuntur,
993 3151 1050 3193 suo
1061 3131 1182 3196 auctori
1194 3130 1326 3198 reddere

156 3240 258 3321 liceat,
283 3245 357 3330 quia
379 3245 458 3312 beno
481 3257 602 3314 constat
624 3271 697 3314 cnm
710 3247 749 3314 de
760 3247 882 3314 ratione
905 3249 1016 3335 operis,
1036 3257 1105 3312 tum
1124 3248 1163 3314 de
1185 3260 1328 3338 tempore

154 3339 219 3446 quo
241 3363 328 3431 vixit.

201 3483 272 3547 Duo
294 3493 367 3550 sunt
389 3486 572 3572 scriptores,
596 3509 733 3574 quorum
749 3511 833 3554 nnus
844 3489 1004 3554 Demetrio
1015 3489 1172 3575 aequalis,
1196 3489 1277 3555 alter
1289 3511 1327 3555 eo

155 3600 260 3666 iunior
283 3601 352 3670 fuit.
400 3605 522 3672 Horum
549 3606 636 3691 prior
662 3606 702 3672 ad
729 3607 869 3674 Atticum
892 3631 985 3674 suum
1008 3609 1152 3694 epistolas
1174 3608 1255 3674 duas
1279 3611 1325 3698 ²),

156 3743 194 3788 eo
217 3730 358 3806 tempore
385 3745 449 3810 quo
467 3724 662 3810 quotidianas
692 3726 721 3790 ei
743 3726 878 3812 scripsit,
902 3726 1001 3805 dedit,
1034 3726 1088 3792 ubi
1111 3727 1172 3792 alia
1194 3738 1226 3794 et
1249 3729 1328 3795 haec

121 3851 122 3856 ’
156 3840 281 3927 rogavit
309 3850 346 3905 ut
374 3841 432 3908 sibi
457 3843 579 3910 Atticus
605 3843 681 3910 velit
706 3845 831 3910 mittere
856 3846 1007 3912 Demetrii
1031 3847 1183 3936 Magnetis
1206 3847 1325 3915 librum

156 3960 224 4040 περὶ
259 3960 410 4039 ὁμονοίας.
458 3964 586 4052 Scripsit
612 3964 689 4030 haec
719 3965 828 4032 Cicero
857 3966 944 4032 initio
974 3968 1048 4032 anni
1073 3967 1197 4036 70511.
1222 3969 1257 4038 G.
1283 3968 1325 4034 49

155 4149 421 4164 ——n——-—...-

187 4258 209 4320 1)
226 4263 408 4314 l'Athenaenm
425 4265 532 4330 franceis
551 4271 583 4314 23
602 4264 691 4316 fe‘vricr
711 4271 790 4331 1856,
807 4285 831 4334 p.
852 4273 898 4319 156
917 4285 969 4337 seq.

174 4335 207 4416 ,²)
225 4346 275 4398 cs.
296 4349 342 4413 np.
361 4351 394 4398 as
411 4350 466 4400 Aa.
484 4351 567 4411 vm,
588 4355 616 4398 11
637 4358 662 4400 er
683 4355 722 4400 ra.
