<?xml version="1.0" encoding="UTF-8"?>
<!DOCTYPE html PUBLIC "-//W3C//DTD XHTML 1.0 Transitional//EN"
    "http://www.w3.org/TR/xhtml1/DTD/xhtml1-transitional.dtd">
<html xmlns="http://www.w3.org/1999/xhtml" xml:lang="en" lang="en">
 <head>
  <title>
</title>
<meta http-equiv="Content-Type" content="text/html;charset=utf-8" />
  <meta name='ocr-system' content='tesseract 3.04.00' />
  <meta name='ocr-capabilities' content='ocr_page ocr_carea ocr_par ocr_line ocrx_word'/>
</head>
<body>
  <div class='ocr_page' id='page_1' title='image "./dedemetriomagne00schegoog_0072.png"; bbox 0 0 2848 4546; ppageno 0'>
   <div class='ocr_carea' id='block_1_1' title="bbox 638 287 675 350">
    <p class='ocr_par' dir='ltr' id='par_1_1' title="bbox 638 287 675 350">
     <span class='ocr_line' id='line_1_1' title="bbox 638 287 675 350; baseline 0.054 -2"><span class='ocrx_word' id='word_1_1' title='bbox 638 287 675 350; x_wconf 82' lang='lat'><strong><em>61</em></strong></span> 
     </span>
    </p>
   </div>
   <div class='ocr_carea' id='block_1_2' title="bbox 65 507 1241 1315">
    <p class='ocr_par' dir='ltr' id='par_1_2' title="bbox 65 507 1241 1315">
     <span class='ocr_line' id='line_1_2' title="bbox 66 507 1240 597; baseline -0.001 -23"><span class='ocrx_word' id='word_1_2' title='bbox 66 510 210 596; x_wconf 82' lang='lat' dir='ltr'>Apparet</span> <span class='ocrx_word' id='word_1_3' title='bbox 239 516 345 574; x_wconf 83' lang='lat' dir='ltr'>autem</span> <span class='ocrx_word' id='word_1_4' title='bbox 372 509 566 575; x_wconf 82' lang='lat' dir='ltr'><strong>Demetrium</strong></span> <span class='ocrx_word' id='word_1_5' title='bbox 595 510 773 597; x_wconf 84' lang='lat' dir='ltr'>Magnetem</span> <span class='ocrx_word' id='word_1_6' title='bbox 795 507 1075 595; x_wconf 75' lang='lat' dir='ltr'>aliquot&#39;omisisse</span> <span class='ocrx_word' id='word_1_7' title='bbox 1096 531 1129 574; x_wconf 89' lang='lat' dir='ltr'><strong><em>ss</em></strong></span> <span class='ocrx_word' id='word_1_8' title='bbox 1155 508 1240 575; x_wconf 88' lang='lat' dir='ltr'>anti-</span> 
     </span>
     <span class='ocr_line' id='line_1_3' title="bbox 66 627 1241 716; baseline 0.002 -24"><span class='ocrx_word' id='word_1_9' title='bbox 66 630 212 715; x_wconf 85' lang='lat' dir='ltr'>quiores,</span> <span class='ocrx_word' id='word_1_10' title='bbox 244 637 276 693; x_wconf 85' lang='lat' dir='ltr'>et</span> <span class='ocrx_word' id='word_1_11' title='bbox 303 650 367 693; x_wconf 91' lang='lat' dir='ltr'><strong><em>non</em></strong></span> <span class='ocrx_word' id='word_1_12' title='bbox 397 629 547 716; x_wconf 83' lang='lat' dir='ltr'>recepisse</span> <span class='ocrx_word' id='word_1_13' title='bbox 576 628 633 694; x_wconf 90' lang='lat' dir='ltr'>sibi</span> <span class='ocrx_word' id='word_1_14' title='bbox 660 627 807 715; x_wconf 83' lang='lat' dir='ltr'>aequales</span> <span class='ocrx_word' id='word_1_15' title='bbox 837 637 893 693; x_wconf 86' lang='lat' dir='ltr'><strong><em>aut</em></strong></span> <span class='ocrx_word' id='word_1_16' title='bbox 920 627 985 693; x_wconf 85' lang='lat' dir='ltr'>fere</span> <span class='ocrx_word' id='word_1_17' title='bbox 1007 627 1169 714; x_wconf 82' lang='lat' dir='ltr'>aequales,</span> <span class='ocrx_word' id='word_1_18' title='bbox 1205 637 1241 693; x_wconf 86' lang='lat' dir='ltr'><strong><em>ut</em></strong></span> 
     </span>
     <span class='ocr_line' id='line_1_4' title="bbox 66 748 1238 834; baseline 0.001 -23"><span class='ocrx_word' id='word_1_19' title='bbox 66 748 264 813; x_wconf 78' lang='lat' dir='ltr'>Demetrium</span> <span class='ocrx_word' id='word_1_20' title='bbox 293 748 448 813; x_wconf 84' lang='lat' dir='ltr'>Laconem</span> <span class='ocrx_word' id='word_1_21' title='bbox 475 748 663 834; x_wconf 86' lang='lat' dir='ltr'>Epicureum</span> <span class='ocrx_word' id='word_1_22' title='bbox 688 749 847 830; x_wconf 74' lang='grc' dir='ltr'><strong><em>ἐπιφανῆ,</em></strong></span> <span class='ocrx_word' id='word_1_23' title='bbox 877 757 914 812; x_wconf 85' lang='lat' dir='ltr'><strong><em>ut</em></strong></span> <span class='ocrx_word' id='word_1_24' title='bbox 934 748 1129 813; x_wconf 84' lang='lat' dir='ltr'>Demetrium</span> <span class='ocrx_word' id='word_1_25' title='bbox 1152 748 1238 814; x_wconf 88' lang='lat' dir='ltr'>Peri·</span> 
     </span>
     <span class='ocr_line' id='line_1_5' title="bbox 65 864 1239 953; baseline 0 -21"><span class='ocrx_word' id='word_1_26' title='bbox 65 867 258 953; x_wconf 84' lang='lat' dir='ltr'>pateticum,</span> <span class='ocrx_word' id='word_1_27' title='bbox 289 866 345 953; x_wconf 91' lang='lat' dir='ltr'><strong><em>qui</em></strong></span> <span class='ocrx_word' id='word_1_28' title='bbox 376 877 422 931; x_wconf 70' lang='grc' dir='ltr'><strong><em>οὓ.</em></strong></span> <span class='ocrx_word' id='word_1_29' title='bbox 454 867 496 932; x_wconf 87' lang='grc'><strong><em>46</em></strong></span> <span class='ocrx_word' id='word_1_30' title='bbox 524 888 554 931; x_wconf 86' lang='lat' dir='ltr'>a.</span> <span class='ocrx_word' id='word_1_31' title='bbox 577 867 610 933; x_wconf 89' lang='lat' dir='ltr'><strong><em>C.</em></strong></span> <span class='ocrx_word' id='word_1_32' title='bbox 655 866 764 933; x_wconf 86' lang='lat' dir='ltr'>Catoni</span> <span class='ocrx_word' id='word_1_33' title='bbox 789 865 978 931; x_wconf 88' lang='lat' dir='ltr'>moribundo</span> <span class='ocrx_word' id='word_1_34' title='bbox 1000 867 1107 933; x_wconf 84' lang='lat' dir='ltr'>Uticae</span> <span class='ocrx_word' id='word_1_35' title='bbox 1130 864 1239 932; x_wconf 82' lang='lat' dir='ltr'>aderat</span> 
     </span>
     <span class='ocr_line' id='line_1_6' title="bbox 68 984 1238 1075; baseline 0.001 -26"><span class='ocrx_word' id='word_1_36' title='bbox 68 986 168 1072; x_wconf 85' lang='lat' dir='ltr'>(Plut.</span> <span class='ocrx_word' id='word_1_37' title='bbox 199 988 276 1053; x_wconf 81' lang='lat' dir='ltr'>(lato</span> <span class='ocrx_word' id='word_1_38' title='bbox 307 984 377 1074; x_wconf 84' lang='grc'><strong>65).</strong></span> <span class='ocrx_word' id='word_1_39' title='bbox 421 985 485 1051; x_wconf 87' lang='lat' dir='ltr'><strong><em>Cur</em></strong></span> <span class='ocrx_word' id='word_1_40' title='bbox 506 985 682 1051; x_wconf 85' lang='lat' dir='ltr'>Demetrius</span> <span class='ocrx_word' id='word_1_41' title='bbox 705 985 840 1072; x_wconf 84' lang='lat' dir='ltr'>Cynicus</span> <span class='ocrx_word' id='word_1_42' title='bbox 861 1008 925 1052; x_wconf 89' lang='lat' dir='ltr'><strong><em>non</em></strong></span> <span class='ocrx_word' id='word_1_43' title='bbox 948 984 1112 1075; x_wconf 86' lang='lat' dir='ltr'>ignobilis,</span> <span class='ocrx_word' id='word_1_44' title='bbox 1136 984 1238 1072; x_wconf 80' lang='lat' dir='ltr'>Apol-</span> 
     </span>
     <span class='ocr_line' id='line_1_7' title="bbox 67 1103 1236 1195; baseline -0.002 -23"><span class='ocrx_word' id='word_1_45' title='bbox 67 1105 154 1172; x_wconf 90' lang='lat' dir='ltr'>lonei</span> <span class='ocrx_word' id='word_1_46' title='bbox 176 1107 295 1195; x_wconf 84' lang='lat' dir='ltr'>Tyanei</span> <span class='ocrx_word' id='word_1_47' title='bbox 314 1105 494 1185; x_wconf 86' lang='lat' dir='ltr'>familiaris,</span> <span class='ocrx_word' id='word_1_48' title='bbox 515 1104 647 1191; x_wconf 86' lang='lat' dir='ltr'>aliique,</span> <span class='ocrx_word' id='word_1_49' title='bbox 670 1105 816 1192; x_wconf 79' lang='lat' dir='ltr'>Augusto</span> <span class='ocrx_word' id='word_1_50' title='bbox 830 1103 977 1191; x_wconf 87' lang='lat' dir='ltr'>aequales</span> <span class='ocrx_word' id='word_1_51' title='bbox 991 1115 1024 1170; x_wconf 82' lang='lat' dir='ltr'>et</span> <span class='ocrx_word' id='word_1_52' title='bbox 1034 1105 1236 1192; x_wconf 84' lang='lat' dir='ltr'>posteriores,</span> 
     </span>
     <span class='ocr_line' id='line_1_8' title="bbox 67 1223 836 1315; baseline -0.003 -25"><span class='ocrx_word' id='word_1_53' title='bbox 67 1225 145 1291; x_wconf 89' lang='lat' dir='ltr'>hinc</span> <span class='ocrx_word' id='word_1_54' title='bbox 166 1225 264 1315; x_wconf 82' lang='lat' dir='ltr'>longe</span> <span class='ocrx_word' id='word_1_55' title='bbox 287 1226 408 1304; x_wconf 80' lang='lat' dir='ltr'>absint,</span> <span class='ocrx_word' id='word_1_56' title='bbox 432 1237 575 1312; x_wconf 85' lang='lat' dir='ltr'>repetere</span> <span class='ocrx_word' id='word_1_57' title='bbox 598 1223 722 1290; x_wconf 86' lang='lat' dir='ltr'>fatuum</span> <span class='ocrx_word' id='word_1_58' title='bbox 746 1224 836 1290; x_wconf 87' lang='lat' dir='ltr'>foret.</span> 
     </span>
    </p>
   </div>
   <div class='ocr_carea' id='block_1_3' title="bbox 516 1440 800 1498">
    <p class='ocr_par' dir='ltr' id='par_1_3' title="bbox 516 1440 800 1498">
     <span class='ocr_line' id='line_1_9' title="bbox 516 1440 800 1498; baseline 0.007 -2"><span class='ocrx_word' id='word_1_59' title='bbox 516 1440 800 1498; x_wconf 88' lang='grc' dir='ltr'><strong>ΔΗΜΟΚΡΙΤΟΙ.</strong></span> 
     </span>
    </p>
   </div>
   <div class='ocr_carea' id='block_1_4' title="bbox 112 1582 1236 1686">
    <p class='ocr_par' dir='ltr' id='par_1_4' title="bbox 112 1582 1236 1686">
     <span class='ocr_line' id='line_1_10' title="bbox 112 1582 1236 1686; baseline 0.001 -35"><span class='ocrx_word' id='word_1_60' title='bbox 112 1587 317 1675; x_wconf 88' lang='lat' dir='ltr'>Diogenes</span> <span class='ocrx_word' id='word_1_61' title='bbox 345 1586 379 1651; x_wconf 84' lang='lat' dir='ltr'><strong><em>L.</em></strong></span> <span class='ocrx_word' id='word_1_62' title='bbox 408 1584 464 1651; x_wconf 83' lang='lat' dir='ltr'><strong><em>lx.</em></strong></span> <span class='ocrx_word' id='word_1_63' title='bbox 494 1584 548 1651; x_wconf 88' lang='grc'><strong><em>49.</em></strong></span> <span class='ocrx_word' id='word_1_64' title='bbox 595 1582 749 1664; x_wconf 74' lang='grc' dir='ltr'><strong><em>Γεγόνασι</em></strong></span> <span class='ocrx_word' id='word_1_65' title='bbox 777 1584 808 1649; x_wconf 79' lang='grc' dir='ltr'><strong><em>δὲ</em></strong></span> <span class='ocrx_word' id='word_1_66' title='bbox 835 1582 1020 1686; x_wconf 67' lang='grc' dir='ltr'><strong><em>Δημόκριτοι</em></strong></span> <span class='ocrx_word' id='word_1_67' title='bbox 1044 1582 1091 1663; x_wconf 77' lang='grc' dir='ltr'><strong><em>ἕξ·</em></strong></span> <span class='ocrx_word' id='word_1_68' title='bbox 1120 1591 1236 1667; x_wconf 79' lang='grc' dir='ltr'><strong><em>πρῶτος</em></strong></span> 
     </span>
    </p>
   </div>
   <div class='ocr_carea' id='block_1_5' title="bbox 69 1699 1239 3339">
    <p class='ocr_par' dir='ltr' id='par_1_5' title="bbox 69 1699 1239 2264">
     <span class='ocr_line' id='line_1_11' title="bbox 69 1699 1236 1786; baseline -0.001 -15"><span class='ocrx_word' id='word_1_69' title='bbox 69 1706 164 1779; x_wconf 77' lang='grc' dir='ltr'><strong><em>αὐτὸς</em></strong></span> <span class='ocrx_word' id='word_1_70' title='bbox 196 1699 294 1778; x_wconf 80' lang='grc' dir='ltr'><strong><em>οὗτος·</em></strong></span> <span class='ocrx_word' id='word_1_71' title='bbox 328 1702 465 1784; x_wconf 89' lang='grc' dir='ltr'><strong><em>δεθτερος</em></strong></span> <span class='ocrx_word' id='word_1_72' title='bbox 502 1710 574 1776; x_wconf 91' lang='grc' dir='ltr'><strong><em>Χῖος</em></strong></span> <span class='ocrx_word' id='word_1_73' title='bbox 606 1703 751 1783; x_wconf 77' lang='grc' dir='ltr'><strong><em>μουσικὸς</em></strong></span> <span class='ocrx_word' id='word_1_74' title='bbox 787 1703 872 1768; x_wconf 83' lang='grc' dir='ltr'><strong><em>και-ἀ</em></strong></span> <span class='ocrx_word' id='word_1_75' title='bbox 902 1703 953 1769; x_wconf 79' lang='grc' dir='ltr'><strong><em>τὸν</em></strong></span> <span class='ocrx_word' id='word_1_76' title='bbox 987 1703 1081 1769; x_wconf 82' lang='grc' dir='ltr'><strong><em>αὐτόν</em></strong></span> <span class='ocrx_word' id='word_1_77' title='bbox 1116 1704 1236 1786; x_wconf 75' lang='grc' dir='ltr'><strong><em>χρθνον·</em></strong></span> 
     </span>
     <span class='ocr_line' id='line_1_12' title="bbox 69 1817 1235 1907; baseline -0.001 -17"><span class='ocrx_word' id='word_1_78' title='bbox 69 1824 170 1907; x_wconf 89' lang='grc' dir='ltr'><strong><em>τρίτος</em></strong></span> <span class='ocrx_word' id='word_1_79' title='bbox 211 1822 480 1906; x_wconf 80' lang='grc' dir='ltr'><strong><em>ἀνδριαντοποιὸς,</em></strong></span> <span class='ocrx_word' id='word_1_80' title='bbox 517 1817 552 1888; x_wconf 80' lang='grc' dir='ltr'><strong><em>οὗ</em></strong></span> <span class='ocrx_word' id='word_1_81' title='bbox 578 1822 737 1902; x_wconf 79' lang='grc' dir='ltr'><strong><em>μέμνηται</em></strong></span> <span class='ocrx_word' id='word_1_82' title='bbox 767 1821 954 1902; x_wconf 71' lang='grc' dir='ltr'><strong><em>Ἀντίγονος·</em></strong></span> <span class='ocrx_word' id='word_1_83' title='bbox 994 1823 1142 1905; x_wconf 83' lang='grc' dir='ltr'><strong><em>τέταρτος</em></strong></span> <span class='ocrx_word' id='word_1_84' title='bbox 1168 1825 1235 1906; x_wconf 79' lang='grc' dir='ltr'><strong><em>περὶ</em></strong></span> 
     </span>
     <span class='ocr_line' id='line_1_13' title="bbox 69 1940 1239 2028; baseline 0.001 -19"><span class='ocrx_word' id='word_1_85' title='bbox 69 1948 123 2009; x_wconf 82' lang='grc' dir='ltr'><strong><em>τοῦ</em></strong></span> <span class='ocrx_word' id='word_1_86' title='bbox 149 1943 231 2025; x_wconf 80' lang='grc' dir='ltr'><strong><em>ἱεροῦ</em></strong></span> <span class='ocrx_word' id='word_1_87' title='bbox 257 1946 311 2007; x_wconf 82' lang='grc' dir='ltr'><strong><em>τοῦ</em></strong></span> <span class='ocrx_word' id='word_1_88' title='bbox 341 1943 380 2006; x_wconf 62' lang='grc' dir='ltr'><strong><em>ἕνΔ</em></strong></span> <span class='ocrx_word' id='word_1_89' title='bbox 402 1941 527 2026; x_wconf 75' lang='grc' dir='ltr'><strong><em>Ἐφέσῳ</em></strong></span> <span class='ocrx_word' id='word_1_90' title='bbox 556 1942 728 2024; x_wconf 70' lang='grc' dir='ltr'><strong><em>γεγραφὼς</em></strong></span> <span class='ocrx_word' id='word_1_91' title='bbox 754 1940 806 2006; x_wconf 87' lang='grc' dir='ltr'><strong><em>καί</em></strong></span> <span class='ocrx_word' id='word_1_92' title='bbox 833 1947 889 2016; x_wconf 77' lang='grc' dir='ltr'><strong><em>τῆς</em></strong></span> <span class='ocrx_word' id='word_1_93' title='bbox 921 1941 1039 2016; x_wconf 86' lang='grc' dir='ltr'><strong><em>πθλεως</em></strong></span> <span class='ocrx_word' id='word_1_94' title='bbox 1071 1945 1239 2028; x_wconf 75' lang='grc' dir='ltr'><strong><em>Σαμοθρηί-</em></strong></span> 
     </span>
     <span class='ocr_line' id='line_1_14' title="bbox 69 2059 1237 2145; baseline 0.003 -18"><span class='ocrx_word' id='word_1_95' title='bbox 69 2085 137 2138; x_wconf 90' lang='grc' dir='ltr'><strong><em>κης·</em></strong></span> <span class='ocrx_word' id='word_1_96' title='bbox 168 2062 313 2141; x_wconf 86' lang='grc' dir='ltr'><strong><em>πέμπτος</em></strong></span> <span class='ocrx_word' id='word_1_97' title='bbox 335 2061 462 2138; x_wconf 79' lang='grc' dir='ltr'><strong><em>ποιητης</em></strong></span> <span class='ocrx_word' id='word_1_98' title='bbox 493 2059 747 2142; x_wconf 72' lang='grc' dir='ltr'><strong><em>ἕπινραμιοάσων</em></strong></span> <span class='ocrx_word' id='word_1_99' title='bbox 774 2061 882 2143; x_wconf 79' lang='grc' dir='ltr'><strong><em>σαφης</em></strong></span> <span class='ocrx_word' id='word_1_100' title='bbox 912 2060 965 2126; x_wconf 84' lang='grc' dir='ltr'><strong><em>καί</em></strong></span> <span class='ocrx_word' id='word_1_101' title='bbox 987 2061 1124 2145; x_wconf 89' lang='grc' dir='ltr'><strong><em>ἀνθηρθς·</em></strong></span> <span class='ocrx_word' id='word_1_102' title='bbox 1149 2061 1237 2137; x_wconf 77' lang='grc' dir='ltr'><strong><em>ἕκτος</em></strong></span> 
     </span>
     <span class='ocr_line' id='line_1_15' title="bbox 69 2179 679 2264; baseline 0 -18"><span class='ocrx_word' id='word_1_103' title='bbox 69 2180 275 2262; x_wconf 75' lang='grc' dir='ltr'><strong><em>Περγαμηνὸς</em></strong></span> <span class='ocrx_word' id='word_1_104' title='bbox 298 2181 361 2247; x_wconf 79' lang='grc' dir='ltr'><strong><em>ἀπὸ</em></strong></span> <span class='ocrx_word' id='word_1_105' title='bbox 386 2185 543 2264; x_wconf 77' lang='grc' dir='ltr'><strong><em>ῥητορικῶν</em></strong></span> <span class='ocrx_word' id='word_1_106' title='bbox 566 2179 679 2260; x_wconf 74' lang='grc' dir='ltr'><strong><em>λθγων.</em></strong></span> 
     </span>
    </p>

    <p class='ocr_par' dir='ltr' id='par_1_6' title="bbox 69 2295 1239 3339">
     <span class='ocr_line' id='line_1_16' title="bbox 119 2295 1237 2388; baseline 0.003 -21"><span class='ocrx_word' id='word_1_107' title='bbox 119 2309 148 2369; x_wconf 91' lang='lat'><strong><em>1.</em></strong></span> <span class='ocrx_word' id='word_1_108' title='bbox 179 2301 273 2373; x_wconf 83' lang='grc' dir='ltr'><strong><em>αὐτὸς</em></strong></span> <span class='ocrx_word' id='word_1_109' title='bbox 301 2295 399 2374; x_wconf 82' lang='grc' dir='ltr'><strong><em>οὗτος.</em></strong></span> <span class='ocrx_word' id='word_1_110' title='bbox 446 2300 650 2388; x_wconf 84' lang='lat' dir='ltr'>Diogenes</span> <span class='ocrx_word' id='word_1_111' title='bbox 678 2300 712 2364; x_wconf 91' lang='lat' dir='ltr'><strong><em>L.</em></strong></span> <span class='ocrx_word' id='word_1_112' title='bbox 739 2302 796 2365; x_wconf 82' lang='lat' dir='ltr'><strong><em>lx.</em></strong></span> <span class='ocrx_word' id='word_1_113' title='bbox 820 2301 962 2368; x_wconf 79' lang='lat'><strong>35-36.</strong></span> <span class='ocrx_word' id='word_1_114' title='bbox 1007 2301 1087 2384; x_wconf 80' lang='grc' dir='ltr'><strong><em>φησί</em></strong></span> <span class='ocrx_word' id='word_1_115' title='bbox 1117 2303 1149 2369; x_wconf 78' lang='grc' dir='ltr'><strong><em>δὲ</em></strong></span> <span class='ocrx_word' id='word_1_116' title='bbox 1173 2315 1237 2381; x_wconf 90' lang='grc' dir='ltr'><strong><em>Δη-</em></strong></span> 
     </span>
     <span class='ocr_line' id='line_1_17' title="bbox 69 2419 1237 2502; baseline 0.003 -17"><span class='ocrx_word' id='word_1_117' title='bbox 69 2421 197 2502; x_wconf 74' lang='grc' dir='ltr'><strong><em>μήτρως</em></strong></span> <span class='ocrx_word' id='word_1_118' title='bbox 225 2421 255 2484; x_wconf 85' lang='grc' dir='ltr'><strong><em>ἕν</em></strong></span> <span class='ocrx_word' id='word_1_119' title='bbox 283 2419 454 2499; x_wconf 83' lang='grc' dir='ltr'><strong><em>θμωνθμοις</em></strong></span> <span class='ocrx_word' id='word_1_120' title='bbox 483 2419 536 2484; x_wconf 77' lang='grc' dir='ltr'><strong><em>καί</em></strong></span> <span class='ocrx_word' id='word_1_121' title='bbox 565 2419 758 2494; x_wconf 74' lang='grc' dir='ltr'><strong><em>Ἀντισθένης</em></strong></span> <span class='ocrx_word' id='word_1_122' title='bbox 786 2421 817 2484; x_wconf 79' lang='grc' dir='ltr'><strong><em>ἐν</em></strong></span> <span class='ocrx_word' id='word_1_123' title='bbox 846 2421 1009 2501; x_wconf 81' lang='grc' dir='ltr'><strong><em>διαδοχαῖς</em></strong></span> <span class='ocrx_word' id='word_1_124' title='bbox 1035 2423 1237 2501; x_wconf 78' lang='grc' dir='ltr'><strong><em>ἀποδημῆσαι</em></strong></span> 
     </span>
     <span class='ocr_line' id='line_1_18' title="bbox 71 2537 1238 2621; baseline 0.004 -18"><span class='ocrx_word' id='word_1_125' title='bbox 71 2540 166 2604; x_wconf 78' lang='grc' dir='ltr'><strong><em>αὐτὸν</em></strong></span> <span class='ocrx_word' id='word_1_126' title='bbox 194 2539 246 2605; x_wconf 87' lang='grc' dir='ltr'><strong><em>καί</em></strong></span> <span class='ocrx_word' id='word_1_127' title='bbox 273 2541 316 2613; x_wconf 76' lang='grc' dir='ltr'><strong><em>τίς</em></strong></span> <span class='ocrx_word' id='word_1_128' title='bbox 339 2538 503 2617; x_wconf 74' lang='grc' dir='ltr'><strong><em>Αἴγυπτον</em></strong></span> <span class='ocrx_word' id='word_1_129' title='bbox 527 2538 601 2619; x_wconf 85' lang='grc' dir='ltr'><strong><em>πρδς</em></strong></span> <span class='ocrx_word' id='word_1_130' title='bbox 631 2537 701 2610; x_wconf 81' lang='grc' dir='ltr'><strong><em>τοὺς</em></strong></span> <span class='ocrx_word' id='word_1_131' title='bbox 725 2537 846 2619; x_wconf 79' lang='grc' dir='ltr'><strong><em>ἱερέας,</em></strong></span> <span class='ocrx_word' id='word_1_132' title='bbox 881 2539 1075 2621; x_wconf 72' lang='grc' dir='ltr'><strong><em>γεωμετρίαν</em></strong></span> <span class='ocrx_word' id='word_1_133' title='bbox 1100 2543 1238 2621; x_wconf 86' lang='grc' dir='ltr'><strong><em>μαθησό-</em></strong></span> 
     </span>
     <span class='ocr_line' id='line_1_19' title="bbox 69 2656 1238 2741; baseline 0.003 -18"><span class='ocrx_word' id='word_1_134' title='bbox 69 2682 160 2738; x_wconf 80' lang='grc' dir='ltr'><strong><em>μενον</em></strong></span> <span class='ocrx_word' id='word_1_135' title='bbox 192 2659 245 2724; x_wconf 82' lang='grc' dir='ltr'><strong><em>καί</em></strong></span> <span class='ocrx_word' id='word_1_136' title='bbox 281 2661 353 2741; x_wconf 79' lang='grc' dir='ltr'><strong><em>πρὸς</em></strong></span> <span class='ocrx_word' id='word_1_137' title='bbox 389 2657 564 2729; x_wconf 86' lang='grc' dir='ltr'><strong><em>Χαλδαίους</em></strong></span> <span class='ocrx_word' id='word_1_138' title='bbox 599 2656 651 2722; x_wconf 81' lang='grc' dir='ltr'><strong><em>καί</em></strong></span> <span class='ocrx_word' id='word_1_139' title='bbox 687 2657 730 2729; x_wconf 87' lang='grc' dir='ltr'><strong><em>είς</em></strong></span> <span class='ocrx_word' id='word_1_140' title='bbox 761 2657 816 2731; x_wconf 77' lang='grc' dir='ltr'><strong><em>την</em></strong></span> <span class='ocrx_word' id='word_1_141' title='bbox 847 2658 983 2738; x_wconf 82' lang='grc' dir='ltr'><strong><em>Περσίδα</em></strong></span> <span class='ocrx_word' id='word_1_142' title='bbox 1015 2659 1068 2725; x_wconf 87' lang='grc' dir='ltr'><strong><em>καί</em></strong></span> <span class='ocrx_word' id='word_1_143' title='bbox 1102 2663 1145 2734; x_wconf 86' lang='grc' dir='ltr'><strong><em>είς</em></strong></span> <span class='ocrx_word' id='word_1_144' title='bbox 1182 2661 1238 2736; x_wconf 74' lang='grc' dir='ltr'><strong><em>την</em></strong></span> 
     </span>
     <span class='ocr_line' id='line_1_20' title="bbox 70 2775 1238 2862; baseline 0.003 -17"><span class='ocrx_word' id='word_1_145' title='bbox 70 2778 217 2861; x_wconf 89' lang='grc' dir='ltr'><strong><em>Ἐρυθράν</em></strong></span> <span class='ocrx_word' id='word_1_146' title='bbox 239 2775 404 2843; x_wconf 91' lang='grc' dir='ltr'><strong><em>θάλασσαν</em></strong></span> <span class='ocrx_word' id='word_1_147' title='bbox 429 2777 585 2856; x_wconf 75' lang='grc' dir='ltr'><strong><em>γενέσθαι.</em></strong></span> <span class='ocrx_word' id='word_1_148' title='bbox 610 2785 674 2849; x_wconf 91' lang='grc' dir='ltr'><strong><em>τοῖς</em></strong></span> <span class='ocrx_word' id='word_1_149' title='bbox 698 2801 734 2840; x_wconf 91' lang='grc' dir='ltr'><strong><em>τε</em></strong></span> <span class='ocrx_word' id='word_1_150' title='bbox 759 2782 1032 2860; x_wconf 79' lang='grc' dir='ltr'><strong><em>Γυμνοσοφισταῖς</em></strong></span> <span class='ocrx_word' id='word_1_151' title='bbox 1053 2782 1139 2862; x_wconf 81' lang='grc' dir='ltr'><strong><em>φασί</em></strong></span> <span class='ocrx_word' id='word_1_152' title='bbox 1157 2807 1238 2857; x_wconf 84' lang='grc' dir='ltr'><strong><em>τινες</em></strong></span> 
     </span>
     <span class='ocr_line' id='line_1_21' title="bbox 70 2894 1239 2981; baseline 0.003 -17"><span class='ocrx_word' id='word_1_153' title='bbox 70 2899 229 2979; x_wconf 77' lang='grc' dir='ltr'><strong><em>συμμῖξαι</em></strong></span> <span class='ocrx_word' id='word_1_154' title='bbox 245 2899 339 2964; x_wconf 77' lang='grc' dir='ltr'><strong><em>αὐτὸν</em></strong></span> <span class='ocrx_word' id='word_1_155' title='bbox 364 2900 395 2962; x_wconf 93' lang='grc' dir='ltr'><strong><em>ε’ν</em></strong></span> <span class='ocrx_word' id='word_1_156' title='bbox 418 2896 511 2981; x_wconf 85' lang='grc' dir='ltr'><strong><em>Ἰνδίρι</em></strong></span> <span class='ocrx_word' id='word_1_157' title='bbox 533 2897 585 2962; x_wconf 80' lang='grc' dir='ltr'><strong><em>καί</em></strong></span> <span class='ocrx_word' id='word_1_158' title='bbox 612 2898 655 2969; x_wconf 86' lang='grc' dir='ltr'><strong><em>είς</em></strong></span> <span class='ocrx_word' id='word_1_159' title='bbox 679 2894 840 2961; x_wconf 78' lang='grc' dir='ltr'><strong><em>Αἰθιοπίαν</em></strong></span> <span class='ocrx_word' id='word_1_160' title='bbox 859 2897 968 2962; x_wconf 83' lang='grc' dir='ltr'><strong><em>ἐλθεῖν.</em></strong></span> <span class='ocrx_word' id='word_1_161' title='bbox 993 2898 1092 2979; x_wconf 91' lang='grc' dir='ltr'><strong><em>τρίτον</em></strong></span> <span class='ocrx_word' id='word_1_162' title='bbox 1114 2901 1146 2965; x_wconf 86' lang='grc' dir='ltr'><strong><em>τ’</em></strong></span> <span class='ocrx_word' id='word_1_163' title='bbox 1163 2900 1239 2968; x_wconf 76' lang='grc' dir='ltr'><strong><em>ὄντα</em></strong></span> 
     </span>
     <span class='ocr_line' id='line_1_22' title="bbox 69 3014 1238 3101; baseline 0.001 -17"><span class='ocrx_word' id='word_1_164' title='bbox 69 3019 210 3101; x_wconf 77' lang='grc' dir='ltr'><strong><em>ἀδελφὸν</em></strong></span> <span class='ocrx_word' id='word_1_165' title='bbox 235 3018 399 3099; x_wconf 81' lang='grc' dir='ltr'><strong><em>νείμασθαι</em></strong></span> <span class='ocrx_word' id='word_1_166' title='bbox 413 3017 469 3091; x_wconf 78' lang='grc' dir='ltr'><strong><em>την</em></strong></span> <span class='ocrx_word' id='word_1_167' title='bbox 481 3017 587 3082; x_wconf 82' lang='grc' dir='ltr'><strong><em>οὐσίαν</em></strong></span> <span class='ocrx_word' id='word_1_168' title='bbox 607 3015 659 3080; x_wconf 80' lang='grc' dir='ltr'><strong><em>καί</em></strong></span> <span class='ocrx_word' id='word_1_169' title='bbox 680 3016 779 3094; x_wconf 79' lang='grc' dir='ltr'><strong><em>οἱμὲν</em></strong></span> <span class='ocrx_word' id='word_1_170' title='bbox 803 3014 927 3088; x_wconf 88' lang='grc' dir='ltr'><strong><em>πλείους</em></strong></span> <span class='ocrx_word' id='word_1_171' title='bbox 949 3017 1030 3098; x_wconf 80' lang='grc' dir='ltr'><strong><em>φασί</em></strong></span> <span class='ocrx_word' id='word_1_172' title='bbox 1046 3019 1101 3092; x_wconf 75' lang='grc' dir='ltr'><strong><em>την</em></strong></span> <span class='ocrx_word' id='word_1_173' title='bbox 1114 3017 1238 3084; x_wconf 80' lang='grc' dir='ltr'><strong><em>ἒλάττω</em></strong></span> 
     </span>
     <span class='ocr_line' id='line_1_23' title="bbox 70 3133 1237 3219; baseline 0 -15"><span class='ocrx_word' id='word_1_174' title='bbox 70 3145 181 3219; x_wconf 90' lang='grc' dir='ltr'><strong><em>μοῖραν</em></strong></span> <span class='ocrx_word' id='word_1_175' title='bbox 206 3137 329 3203; x_wconf 77' lang='grc' dir='ltr'><strong><em>ἑλέσθαι</em></strong></span> <span class='ocrx_word' id='word_1_176' title='bbox 354 3138 409 3212; x_wconf 81' lang='grc' dir='ltr'><strong><em>την</em></strong></span> <span class='ocrx_word' id='word_1_177' title='bbox 438 3138 468 3201; x_wconf 84' lang='grc' dir='ltr'><strong><em>ἕν</em></strong></span> <span class='ocrx_word' id='word_1_178' title='bbox 496 3134 608 3216; x_wconf 76' lang='grc' dir='ltr'><strong><em>ἀργυρί</em></strong></span> <span class='ocrx_word' id='word_1_179' title='bbox 637 3184 647 3213; x_wconf 92' lang='grc'><strong><em>,</em></strong></span> <span class='ocrx_word' id='word_1_180' title='bbox 670 3135 781 3216; x_wconf 81' lang='grc' dir='ltr'><strong><em>χρείαν</em></strong></span> <span class='ocrx_word' id='word_1_181' title='bbox 807 3133 922 3215; x_wconf 81' lang='grc' dir='ltr'><strong><em>ἔχοντα</em></strong></span> <span class='ocrx_word' id='word_1_182' title='bbox 944 3138 1017 3200; x_wconf 91' lang='grc' dir='ltr'><strong><em>κατ’</em></strong></span> <span class='ocrx_word' id='word_1_183' title='bbox 1039 3137 1237 3218; x_wconf 89' lang='grc' dir='ltr'><strong><em>ἀποδημίαν,</em></strong></span> 
     </span>
     <span class='ocr_line' id='line_1_24' title="bbox 71 3253 1238 3339; baseline 0.001 -17"><span class='ocrx_word' id='word_1_184' title='bbox 71 3263 161 3324; x_wconf 83' lang='grc' dir='ltr'><strong><em>τοῦτο</em></strong></span> <span class='ocrx_word' id='word_1_185' title='bbox 187 3257 333 3323; x_wconf 89' lang='grc' dir='ltr'><strong><em>κάκείνων</em></strong></span> <span class='ocrx_word' id='word_1_186' title='bbox 359 3256 464 3330; x_wconf 90' lang='grc' dir='ltr'><strong><em>δολίως</em></strong></span> <span class='ocrx_word' id='word_1_187' title='bbox 486 3253 756 3321; x_wconf 83' lang='grc' dir='ltr'><strong><em>ὑποπτευσάντων.</em></strong></span> <span class='ocrx_word' id='word_1_188' title='bbox 790 3255 855 3319; x_wconf 77' lang='grc' dir='ltr'><strong><em>θδὲ</em></strong></span> <span class='ocrx_word' id='word_1_189' title='bbox 874 3255 1049 3336; x_wconf 72' lang='grc' dir='ltr'><strong><em>Δημήτριος</em></strong></span> <span class='ocrx_word' id='word_1_190' title='bbox 1071 3257 1144 3339; x_wconf 76' lang='grc' dir='ltr'><strong><em>ὑπὲρ</em></strong></span> <span class='ocrx_word' id='word_1_191' title='bbox 1165 3259 1238 3324; x_wconf 80' lang='grc' dir='ltr'><strong><em>ἕκα-</em></strong></span> 
     </span>
    </p>
   </div>
   <div class='ocr_carea' id='block_1_6' title="bbox 71 3371 1355 3460">
    <p class='ocr_par' dir='ltr' id='par_1_7' title="bbox 71 3371 1355 3460">
     <span class='ocr_line' id='line_1_25' title="bbox 71 3371 1355 3460; baseline 0.001 -18"><span class='ocrx_word' id='word_1_192' title='bbox 71 3377 122 3442; x_wconf 83' lang='grc' dir='ltr'><strong><em>τδν</em></strong></span> <span class='ocrx_word' id='word_1_193' title='bbox 147 3375 297 3442; x_wconf 86' lang='grc' dir='ltr'><strong><em>σάλανπά</em></strong></span> <span class='ocrx_word' id='word_1_194' title='bbox 320 3382 416 3460; x_wconf 81' lang='grc' dir='ltr'><strong><em>Φησιν</em></strong></span> <span class='ocrx_word' id='word_1_195' title='bbox 441 3371 518 3441; x_wconf 80' lang='grc' dir='ltr'><strong><em>εἶναι</em></strong></span> <span class='ocrx_word' id='word_1_196' title='bbox 545 3376 629 3456; x_wconf 78' lang='grc' dir='ltr'><strong><em>αὐτῷ</em></strong></span> <span class='ocrx_word' id='word_1_197' title='bbox 649 3375 685 3460; x_wconf 77' lang='grc' dir='ltr'><strong><em>σθ</em></strong></span> <span class='ocrx_word' id='word_1_198' title='bbox 709 3374 820 3457; x_wconf 81' lang='grc' dir='ltr'><strong><em>μέρος,</em></strong></span> <span class='ocrx_word' id='word_1_199' title='bbox 843 3371 976 3439; x_wconf 85' lang='grc' dir='ltr'><strong><em>ἀπαντα</em></strong></span> <span class='ocrx_word' id='word_1_200' title='bbox 999 3374 1030 3440; x_wconf 71' lang='grc' dir='ltr'><strong><em>δὲ</em></strong></span> <span class='ocrx_word' id='word_1_201' title='bbox 1052 3382 1240 3443; x_wconf 82' lang='grc' dir='ltr'><strong><em>καταναλῶ·</em></strong></span> <span class='ocrx_word' id='word_1_202' title='bbox 1345 3375 1355 3389; x_wconf 78' lang='grc'><strong>’</strong></span> 
     </span>
    </p>
   </div>
   <div class='ocr_carea' id='block_1_7' title="bbox 72 3489 1239 4416">
    <p class='ocr_par' dir='ltr' id='par_1_8' title="bbox 72 3489 1239 4416">
     <span class='ocr_line' id='line_1_26' title="bbox 72 3489 1239 3586; baseline 0.001 -25"><span class='ocrx_word' id='word_1_203' title='bbox 72 3521 136 3562; x_wconf 88' lang='grc' dir='ltr'><strong><em>σαι.</em></strong></span> <span class='ocrx_word' id='word_1_204' title='bbox 160 3496 250 3576; x_wconf 70' lang='grc' dir='ltr'><strong><em>λέγει</em></strong></span> <span class='ocrx_word' id='word_1_205' title='bbox 264 3499 290 3563; x_wconf 91' lang='grc' dir='ltr'><strong><em>δ’</em></strong></span> <span class='ocrx_word' id='word_1_206' title='bbox 303 3494 349 3563; x_wconf 82' lang='grc' dir='ltr'><strong><em>θ’τι</em></strong></span> <span class='ocrx_word' id='word_1_207' title='bbox 369 3501 512 3562; x_wconf 79' lang='grc' dir='ltr'><strong><em>τοσοῦτον</em></strong></span> <span class='ocrx_word' id='word_1_208' title='bbox 523 3489 556 3569; x_wconf 80' lang='grc' dir='ltr'><strong><em>ἦν</em></strong></span> <span class='ocrx_word' id='word_1_209' title='bbox 569 3493 755 3578; x_wconf 82' lang='grc' dir='ltr'><strong><em>Φιλθπσνος,</em></strong></span> <span class='ocrx_word' id='word_1_210' title='bbox 780 3491 858 3586; x_wconf 76' lang='grc' dir='ltr'><strong><em>ν’ίστε</em></strong></span> <span class='ocrx_word' id='word_1_211' title='bbox 881 3497 934 3559; x_wconf 82' lang='grc' dir='ltr'><strong><em>τοῦ</em></strong></span> <span class='ocrx_word' id='word_1_212' title='bbox 951 3495 1119 3574; x_wconf 77' lang='grc' dir='ltr'><strong><em>περικήπου</em></strong></span> <span class='ocrx_word' id='word_1_213' title='bbox 1132 3495 1239 3575; x_wconf 91' lang='grc' dir='ltr'><strong><em>δωμά-</em></strong></span> 
     </span>
     <span class='ocr_line' id='line_1_27' title="bbox 72 3607 1237 3698; baseline -0.002 -15"><span class='ocrx_word' id='word_1_214' title='bbox 72 3617 134 3683; x_wconf 87' lang='grc' dir='ltr'><strong><em>τιθν</em></strong></span> <span class='ocrx_word' id='word_1_215' title='bbox 160 3643 191 3682; x_wconf 91' lang='grc' dir='ltr'><strong><em>τι</em></strong></span> <span class='ocrx_word' id='word_1_216' title='bbox 226 3618 460 3698; x_wconf 73' lang='grc' dir='ltr'><strong><em>ἀποτεμόμενος</em></strong></span> <span class='ocrx_word' id='word_1_217' title='bbox 493 3615 724 3686; x_wconf 82' lang='grc' dir='ltr'><strong><em>κατακλειστὸς</em></strong></span> <span class='ocrx_word' id='word_1_218' title='bbox 759 3607 815 3692; x_wconf 77' lang='grc' dir='ltr'><strong><em>ἦν,</em></strong></span> <span class='ocrx_word' id='word_1_219' title='bbox 855 3611 910 3676; x_wconf 89' lang='grc' dir='ltr'><strong><em>καί</em></strong></span> <span class='ocrx_word' id='word_1_220' title='bbox 940 3634 1017 3677; x_wconf 89' lang='grc' dir='ltr'><strong><em>ποτε</em></strong></span> <span class='ocrx_word' id='word_1_221' title='bbox 1039 3618 1093 3678; x_wconf 85' lang='grc' dir='ltr'><strong><em>τοῖν</em></strong></span> <span class='ocrx_word' id='word_1_222' title='bbox 1119 3615 1237 3697; x_wconf 78' lang='grc' dir='ltr'><strong><em>πατρίς</em></strong></span> 
     </span>
     <span class='ocr_line' id='line_1_28' title="bbox 73 3731 1236 3818; baseline -0.003 -15"><span class='ocrx_word' id='word_1_223' title='bbox 73 3741 169 3803; x_wconf 82' lang='grc' dir='ltr'><strong><em>αὐτοῦ</em></strong></span> <span class='ocrx_word' id='word_1_224' title='bbox 207 3739 279 3818; x_wconf 76' lang='grc' dir='ltr'><strong><em>πρὸς</em></strong></span> <span class='ocrx_word' id='word_1_225' title='bbox 311 3737 417 3802; x_wconf 87' lang='grc' dir='ltr'><strong><em>θυσίαν</em></strong></span> <span class='ocrx_word' id='word_1_226' title='bbox 444 3736 520 3814; x_wconf 80' lang='grc' dir='ltr'><strong><em>βοῦν</em></strong></span> <span class='ocrx_word' id='word_1_227' title='bbox 551 3732 731 3813; x_wconf 70' lang='grc' dir='ltr'><strong><em>ἀγαγθντος</em></strong></span> <span class='ocrx_word' id='word_1_228' title='bbox 762 3731 815 3796; x_wconf 80' lang='grc' dir='ltr'><strong><em>καί</em></strong></span> <span class='ocrx_word' id='word_1_229' title='bbox 848 3731 952 3797; x_wconf 84' lang='grc' dir='ltr'><strong><em>αὐτθθι</em></strong></span> <span class='ocrx_word' id='word_1_230' title='bbox 992 3735 1236 3813; x_wconf 79' lang='grc' dir='ltr'><strong><em>προςδησαντος,</em></strong></span> 
     </span>
     <span class='ocr_line' id='line_1_29' title="bbox 74 3849 1238 3938; baseline -0.003 -16"><span class='ocrx_word' id='word_1_231' title='bbox 74 3857 176 3923; x_wconf 79' lang='grc' dir='ltr'><strong><em>ἱκανὸν</em></strong></span> <span class='ocrx_word' id='word_1_232' title='bbox 208 3855 315 3938; x_wconf 79' lang='grc' dir='ltr'><strong><em>χρθνον</em></strong></span> <span class='ocrx_word' id='word_1_233' title='bbox 339 3856 383 3930; x_wconf 78' lang='grc' dir='ltr'><strong><em>μη</em></strong></span> <span class='ocrx_word' id='word_1_234' title='bbox 415 3860 548 3934; x_wconf 70' lang='grc' dir='ltr'><strong><em>γνῶναι,</em></strong></span> <span class='ocrx_word' id='word_1_235' title='bbox 586 3849 640 3925; x_wconf 75' lang='grc' dir='ltr'><strong><em>ἕως</em></strong></span> <span class='ocrx_word' id='word_1_236' title='bbox 671 3853 765 3918; x_wconf 76' lang='grc' dir='ltr'><strong><em>αὐτὸν</em></strong></span> <span class='ocrx_word' id='word_1_237' title='bbox 793 3853 905 3923; x_wconf 81' lang='grc' dir='ltr'><strong><em>ἐκεῖνος</em></strong></span> <span class='ocrx_word' id='word_1_238' title='bbox 930 3851 1142 3926; x_wconf 77' lang='grc' dir='ltr'><strong><em>διαναστήσας</em></strong></span> <span class='ocrx_word' id='word_1_239' title='bbox 1165 3877 1238 3935; x_wconf 90' lang='grc' dir='ltr'><strong><em>προ-</em></strong></span> 
     </span>
     <span class='ocr_line' id='line_1_30' title="bbox 74 3971 1236 4058; baseline -0.003 -17"><span class='ocrx_word' id='word_1_240' title='bbox 74 3974 172 4058; x_wconf 83' lang='grc' dir='ltr'><strong><em>Φάσει</em></strong></span> <span class='ocrx_word' id='word_1_241' title='bbox 210 3982 267 4049; x_wconf 77' lang='grc' dir='ltr'><strong><em>της</em></strong></span> <span class='ocrx_word' id='word_1_242' title='bbox 303 3973 409 4047; x_wconf 88' lang='grc' dir='ltr'><strong><em>θυσίας</em></strong></span> <span class='ocrx_word' id='word_1_243' title='bbox 440 3973 492 4039; x_wconf 87' lang='grc' dir='ltr'><strong><em>καί</em></strong></span> <span class='ocrx_word' id='word_1_244' title='bbox 522 3973 565 4039; x_wconf 88' lang='grc' dir='ltr'><strong><em>σά</em></strong></span> <span class='ocrx_word' id='word_1_245' title='bbox 595 3973 663 4055; x_wconf 77' lang='grc' dir='ltr'><strong><em>περὶ</em></strong></span> <span class='ocrx_word' id='word_1_246' title='bbox 690 3973 742 4038; x_wconf 78' lang='grc' dir='ltr'><strong><em>τὸν</em></strong></span> <span class='ocrx_word' id='word_1_247' title='bbox 764 3972 840 4051; x_wconf 78' lang='grc' dir='ltr'><strong><em>βοῦν</em></strong></span> <span class='ocrx_word' id='word_1_248' title='bbox 863 3971 1046 4049; x_wconf 73' lang='grc' dir='ltr'><strong><em>διηγήσατο.</em></strong></span> <span class='ocrx_word' id='word_1_249' title='bbox 1077 3971 1161 4038; x_wconf 89' lang='grc' dir='ltr'><strong><em>δοκεῖ</em></strong></span> <span class='ocrx_word' id='word_1_250' title='bbox 1184 3972 1236 4048; x_wconf 80' lang='grc' dir='ltr'><strong><em>δέ,</em></strong></span> 
     </span>
     <span class='ocr_line' id='line_1_31' title="bbox 73 4088 1238 4179; baseline -0.004 -18"><span class='ocrx_word' id='word_1_251' title='bbox 73 4094 153 4179; x_wconf 84' lang='grc' dir='ltr'><strong><em>Φησί</em></strong></span> <span class='ocrx_word' id='word_1_252' title='bbox 161 4144 171 4170; x_wconf 96' lang='grc'><strong><em>,</em></strong></span> <span class='ocrx_word' id='word_1_253' title='bbox 188 4094 240 4159; x_wconf 77' lang='grc' dir='ltr'><strong><em>καί</em></strong></span> <span class='ocrx_word' id='word_1_254' title='bbox 254 4093 404 4176; x_wconf 77' lang='grc' dir='ltr'><strong><em>Ἀθήναζε</em></strong></span> <span class='ocrx_word' id='word_1_255' title='bbox 429 4094 527 4159; x_wconf 84' lang='grc' dir='ltr'><strong><em>ἐλθεῖν</em></strong></span> <span class='ocrx_word' id='word_1_256' title='bbox 542 4092 595 4158; x_wconf 80' lang='grc' dir='ltr'><strong><em>καί</em></strong></span> <span class='ocrx_word' id='word_1_257' title='bbox 611 4093 655 4172; x_wconf 76' lang='grc' dir='ltr'><strong><em>μη</em></strong></span> <span class='ocrx_word' id='word_1_258' title='bbox 672 4091 848 4158; x_wconf 88' lang='grc' dir='ltr'><strong><em>σπουδοίσαι</em></strong></span> <span class='ocrx_word' id='word_1_259' title='bbox 863 4092 1034 4170; x_wconf 73' lang='grc' dir='ltr'><strong><em>γνωσθῆναι</em></strong></span> <span class='ocrx_word' id='word_1_260' title='bbox 1047 4138 1056 4163; x_wconf 93' lang='grc'><strong><em>,</em></strong></span> <span class='ocrx_word' id='word_1_261' title='bbox 1076 4088 1164 4167; x_wconf 77' lang='grc' dir='ltr'><strong><em>δόξης</em></strong></span> <span class='ocrx_word' id='word_1_262' title='bbox 1179 4114 1238 4156; x_wconf 89' lang='grc' dir='ltr'><strong><em>κα-</em></strong></span> 
     </span>
     <span class='ocr_line' id='line_1_32' title="bbox 74 4210 1238 4298; baseline -0.004 -18"><span class='ocrx_word' id='word_1_263' title='bbox 74 4217 253 4298; x_wconf 79' lang='grc' dir='ltr'><strong><em>ταφρονῶν,</em></strong></span> <span class='ocrx_word' id='word_1_264' title='bbox 279 4213 332 4280; x_wconf 85' lang='grc' dir='ltr'><strong><em>καί</em></strong></span> <span class='ocrx_word' id='word_1_265' title='bbox 359 4213 469 4280; x_wconf 80' lang='grc' dir='ltr'><strong><em>εἰδέναι</em></strong></span> <span class='ocrx_word' id='word_1_266' title='bbox 491 4213 547 4294; x_wconf 74' lang='grc' dir='ltr'><strong><em>μὲν</em></strong></span> <span class='ocrx_word' id='word_1_267' title='bbox 573 4210 762 4294; x_wconf 74' lang='grc' dir='ltr'><strong><em>Σωκράτην,</em></strong></span> <span class='ocrx_word' id='word_1_268' title='bbox 794 4211 974 4290; x_wconf 74' lang='grc' dir='ltr'><strong><em>ἀγνοεῖσθαι</em></strong></span> <span class='ocrx_word' id='word_1_269' title='bbox 1000 4210 1032 4274; x_wconf 77' lang='grc' dir='ltr'><strong><em>δὲ</em></strong></span> <span class='ocrx_word' id='word_1_270' title='bbox 1054 4210 1106 4274; x_wconf 83' lang='grc' dir='ltr'><strong><em>ὑπ’</em></strong></span> <span class='ocrx_word' id='word_1_271' title='bbox 1127 4210 1238 4275; x_wconf 83' lang='grc' dir='ltr'><strong><em>αὐτοῦ·</em></strong></span> 
     </span>
     <span class='ocr_line' id='line_1_33' title="bbox 75 4327 1091 4416; baseline -0.007 -17"><span class='ocrx_word' id='word_1_272' title='bbox 75 4383 92 4416; x_wconf 84' lang='grc'><strong><em>,,</em></strong></span> <span class='ocrx_word' id='word_1_273' title='bbox 103 4327 189 4407; x_wconf 76' lang='grc' dir='ltr'><strong><em>ἦλθον</em></strong></span> <span class='ocrx_word' id='word_1_274' title='bbox 212 4334 298 4416; x_wconf 67' lang='grc' dir='ltr'><strong><em>ρ’ἀρ,</em></strong></span> <span class='ocrx_word' id='word_1_275' title='bbox 321 4333 440 4416; x_wconf 81' lang='grc' dir='ltr'><strong><em>φησίν,</em></strong></span> <span class='ocrx_word' id='word_1_276' title='bbox 466 4335 496 4406; x_wconf 82' lang='grc' dir='ltr'><strong><em>ἐς</em></strong></span> <span class='ocrx_word' id='word_1_277' title='bbox 520 4334 651 4409; x_wconf 72' lang='grc' dir='ltr'><strong><em>Ἀθήνας</em></strong></span> <span class='ocrx_word' id='word_1_278' title='bbox 675 4330 728 4396; x_wconf 85' lang='grc' dir='ltr'><strong><em>καί</em></strong></span> <span class='ocrx_word' id='word_1_279' title='bbox 754 4330 835 4403; x_wconf 79' lang='grc' dir='ltr'><strong><em>οὔτις</em></strong></span> <span class='ocrx_word' id='word_1_280' title='bbox 858 4353 900 4408; x_wconf 85' lang='grc' dir='ltr'><strong><em>με</em></strong></span> <span class='ocrx_word' id='word_1_281' title='bbox 925 4327 1091 4407; x_wconf 51' lang='lat' dir='ltr'>synaxes?</span> 
     </span>
    </p>
   </div>
   <div class='ocr_carea' id='block_1_8' title="bbox 0 0 1437 4546">
    <p class='ocr_par' dir='ltr' id='par_1_9' title="bbox 0 0 1437 4546">
     <span class='ocr_line' id='line_1_34' title="bbox 0 0 1437 4546; baseline 0 0"><span class='ocrx_word' id='word_1_282' title='bbox 0 0 1437 4546; x_wconf 95' lang='lat' dir='ltr'><strong><em> </em></strong></span> 
     </span>
    </p>
   </div>
  </div>
 </body>
</html>
