2848 4546
676 298 719 362 54

118 542 254 610 secutus,
277 553 316 598 ex
335 530 376 596 87
396 527 589 595 orationibus
600 524 693 592 habet
705 525 747 590 60
761 522 904 603 γνρσίους
919 520 1031 601 λόγους
1049 519 1104 610 (28
1120 518 1283 598 δημοσίους

118 664 149 718 et
171 653 215 718 32
238 650 402 722 ίδσωτνκούς
426 647 571 736 κίμονς);
597 647 640 712 sic
663 645 741 710 Isaei
768 643 811 708 64
836 643 990 708 orationes
1013 640 1287 708 circumfereban-

120 784 173 838 tur
195 793 330 858 quarnm
355 771 397 835 50
420 768 594 856 genuinae,
625 765 670 832 sic
698 761 914 829 Demosthenis
943 761 1140 828 habebantur
1164 761 1205 826 65
1230 783 1288 850 ge·

119 893 235 958 nuiuae
261 889 397 980 (Clinton
419 890 452 952 F.
475 889 514 952 Η.
536 889 562 956 Ι.
585 909 616 972 p.
642 884 733 974 355).

166 1015 204 1076 ln
237 1008 376 1096 Dionysii
397 1007 499 1074 verbis
533 1028 560 1072 c.
586 1007 615 1072 2.
648 1004 788 1083 ύνίμκτκ
819 1005 850 1069 δὲ
880 1001 970 1082 μύνον
1001 1003 1087 1071 κοινοί
1117 1001 1170 1070 xci
1202 1023 1290 1082 πορν-

121 1131 276 1213 τρίχονσοο
311 1129 501 1200 ε’σπούδοοσε,
537 1125 618 1192 duae
645 1123 767 1193 litterae
796 1122 991 1190 revocandae
1020 1122 1180 1201 videntur,
1213 1143 1292 1188 nam

123 1260 179 1316 aut
211 1246 393 1330 σπουδάζειν
430 1245 498 1327 περί
535 1243 676 1324 ύνύμωτυο
706 1253 761 1308 aut
792 1241 1026 1324 δνκσπουδοίζονν
1063 1240 1205 1320 ύνύμοοτω
1239 1239 1293 1306 di·
1409 1263 1410 1268 ¹

123 1378 216 1448 cunt,
240 1367 325 1432 unde
351 1366 483 1454 legerim
506 1363 709 1430 δοεσπούδωσε
734 1360 788 1448 (ef.
814 1362 904 1425 Dion.
929 1360 999 1428 Hal.
1019 1359 1058 1426 de
1080 1361 1203 1448 Lysia§
1224 1358 1295 1448 14).

121 1489 262 1574 Denique
280 1485 469 1574 Sylburgius
488 1482 612 1570 supplet
630 1481 724 1547 ούδενὶ
740 1487 799 1546 τῶν
815 1480 979 1562 προτέρων,
1002 1479 1054 1546 vel
1066 1485 1126 1545 τῶν
1145 1479 1294 1559 δοκίμων,

124 1609 175 1674 vel
196 1612 256 1673 τῶν
280 1583 411 1672 ποίωνύν
436 1602 617 1687 σύμφωνον,
643 1603 667 1667 εί
691 1603 738 1668 δεῖ
760 1601 791 1666 δὲ
813 1601 934 1676 edundi
959 1599 1066 1679 λέγων
1090 1599 1143 1665 κωί
1164 1602 1297 1665 τούνων-

123 1729 187 1796 τίον
218 1725 270 1792 vel
302 1725 356 1801 ἤδη
383 1725 414 1788 δὲ
442 1722 495 1788 κωί
521 1720 714 1796 τούνκντίονς
749 1721 845 1807 possis
871 1729 904 1786 et
925 1719 1072 1806 supplere
1102 1719 1197 1786 ούδενί
1231 1724 1295 1786 τῶν

125 1846 285 1914 εἰκότων
308 1845 486 1927 σύμφωνον.

168 1969 236 2032 lam
259 1965 435 2030 Demetrius
457 1985 476 2028 a
498 1959 655 2028 Dinarcho
678 1959 835 2026 abiudicat
865 1959 1038 2026 orationem
1061 1959 1164 2026 adhuc
1183 1981 1296 2048 super·

124 2087 229 2154 stitem
252 2095 362 2151 contra
383 2081 641 2160 Demosthenem,
672 2081 839 2168 Dionysius
861 2104 892 2168 p.
916 2080 981 2146 345
1006 2083 1021 2164 5
1048 2083 1087 2146 10
1111 2079 1241 2146 eandem
1265 2081 1298 2145 ei

125 2205 271 2271 vindicat.
306 2207 384 2270 Uter
406 2204 559 2289 potiorem
582 2202 765 2266 sententiam
785 2201 962 2288 protulerit,
983 2225 1043 2290 ego
1061 2224 1148 2266 nunc
1166 2200 1296 2286 quidem

126 2325 298 2391 diiudicare
316 2346 382 2390 non
402 2322 548 2400 conabor,
567 2344 656 2400 nam,
681 2331 717 2386 ut
731 2321 892 2408 Longinus
909 2320 1020 2386 dixisse
1033 2321 1148 2388 fertur:
1172 2328 1295 2396 πολλῆς

125 2444 234 2525 πείρως
267 2451 448 2509 τελευταῖον
476 2440 671 2519 ἐπιγέννημα
702 2444 718 2516 ἡ
745 2443 804 2505 τῶν
836 2439 938 2518 κίμων
970 2442 1077 2523 κρίσις.
1128 2442 1298 2530 Dionysius

129 2563 329 2630 aDemetrio
352 2562 384 2626 in
408 2584 445 2626 eo
468 2561 662 2647 potissimum
686 2559 857 2646 discrepat,
888 2560 973 2647 quod
1005 2560 1057 2626 hic
1090 2560 1212 2626 dixerat
1243 2561 1298 2626 Di·

130 2683 286 2748 narchum
320 2680 470 2768 Hyperidi
503 2682 606 2768 gratia
639 2704 703 2746 non
737 2681 840 2746 solum
878 2705 942 2745 non
978 2679 1088 2746 cedere
1121 2702 1233 2747 verum
1267 2691 1301 2746 et

130 2812 306 2889 praestare,
342 2810 452 2867 contre
486 2801 651 2886 Dionysius
685 2823 712 2866 c.
746 2803 775 2866 7.
808 2799 1018 2879 Dinarchum,
1053 2801 1145 2887 Lysia
1178 2801 1299 2888 gratia,

131 2920 290 3008 Hyperide
318 2921 351 2985 vi
373 2918 511 2998 dicendi,
536 2920 690 2985 minorem
713 2919 816 2984 habet.
863 2920 956 3001 Quod
979 2919 1018 2986 ad
1040 2919 1299 3000 Demosthenem,

133 3063 228 3127 quem
258 3041 400 3105 omnium
431 3039 561 3126 plurimi
590 3039 722 3104 faciebat
750 3040 933 3125 Dionysius,
963 3040 996 3104 in
1027 3041 1169 3127 sequenti
1200 3040 1302 3126 capite

134 3160 220 3226 utilis
253 3160 301 3224 sui
335 3158 424 3238 libri,
460 3159 614 3245 optimum
648 3159 714 3223 eius
747 3158 934 3224 imitatorem
967 3169 1058 3224 vocat
1089 3160 1302 3236 Dinarchum,

133 3280 292 3366 longeque
321 3300 394 3344 eum
418 3277 584 3342 Rhodiacis
606 3276 791 3342 Oratoribus
814 3277 987 3363 anteponit;
1021 3287 1094 3343 ante
1115 3278 1301 3365 Dionysium

135 3400 244 3466 Cicero
269 3396 318 3470 ‚de
359 3396 517 3462 Dinarcho
546 3397 639 3462 etiam
671 3397 773 3462 lenius
802 3397 994 3463 iudicaverat
1031 3397 1105 3486 (Cic.
1140 3397 1179 3463 de
1213 3397 1301 3463 Orat.

135 3519 176 3584 Il.
202 3518 256 3582 34.
281 3516 369 3580 Brut.
396 3517 414 3579 9
439 3524 470 3580 et
493 3514 560 3604 36).

183 3638 220 3700 In
240 3633 369 3721 reliquis
387 3634 552 3721 Dionysius
571 3636 725 3701 consentit
747 3657 820 3700 oum
840 3635 1014 3714 Demetrio,
1040 3636 1094 3721 qui
1106 3634 1144 3702 de
1155 3636 1304 3703 Dinarchi

137 3756 222 3834 λέξει
255 3754 376 3820 dixerat
409 3754 514 3836 κυρίως
545 3756 652 3841 iliud,
684 3755 780 3829 ποίύος
812 3760 937 3820 κννούσοο
965 3793 1011 3808 --
1038 3755 1199 3832 ε’νδίουσοος
1228 3777 1304 3821 nam

140 3875 307 3960 Dionysius
339 3884 401 3938 tres
435 3871 589 3940 orationes
618 3875 701 3940 inter
733 3875 803 3947 τοὺς
836 3873 1113 3958 ψουδεπομροίφους
1142 3875 1303 3956 δημοσίους

140 3994 251 4073 λύγους
276 3993 434 4068 reficiens,
460 4015 557 4060 unam
581 3994 679 4059 reiicit
701 3994 750 4060 his
771 3993 888 4060 verbis:
912 3995 970 4059 ἀπ’
996 3997 1092 4060 κύτού
1119 4000 1172 4060 τού
1197 4018 1305 4078 χωρου-

140 4123 247 4194 κτῆρος
271 4111 347 4195 εὕρω
369 4138 415 4186 τος
446 4113 485 4179 ύν
513 4116 567 4179 ούκ
598 4114 673 4179 ίνσοο
696 4115 748 4179 τδν
775 4109 1092 4196 λύμονΔεονοίρχου,
1125 4117 1236 4197 ὑδαρής
1268 4141 1305 4181 τε

141 4236 203 4314 μίορ
235 4234 287 4298 κού
322 4232 450 4307 οίσύενίρς
482 4233 534 4298 κοί
566 4232 688 4315 ψυχρός
712 4235 814 4309 ἑστνν;
848 4234 925 4300 duas
947 4235 1085 4322 reliques
1107 4236 1158 4302 δωί
1189 4261 1225 4300 τε
1252 4235 1305 4300 τδν

140 4359 347 4434 χωρκκτῆρω,
372 4353 481 4433 ὑδοορίρς
504 4354 566 4434 μοδρ
597 4353 649 4419 aui
676 4354 848 4435 κεχυμένος
875 4354 928 4418 κονί
955 4356 1096 4437 ψυχρὸς,
1122 4365 1153 4421 ot
1174 4357 1206 4422 in
1230 4354 1308 4420 duas
