2822 4540
172 804 477 898 DEMETRH
512 806 828 901 MAaNuuls
860 809 1245 908 FRAGMENTA.
1320 871 1323 878 ·

284 1079 538 1150 ΟΜΩΝΥΜΟΙ
566 1068 762 1150 ΠΟΙΗΤΑΙ
788 1083 1050 1151 ΣΥΓΓΡΑΦΕΙΣ
1082 1081 1140 1152 TE

577 1219 654 1285 ΚΑΙ
682 1216 860 1288 ΠΟΛΕΙΣ.

693 1853 734 1919 A.

590 2087 833 2146 ΑΓΒΑΤΑΝΑ.

170 2311 403 2398 Stephanus
425 2311 527 2397 oya:
559 2305 771 2388 Ἀγβάτανα,
794 2307 954 2389 ταιίχνιιν
979 2307 1113 2390 Συρίας,
1138 2308 1293 2391 Ἡρόδοτος

125 2433 228 2514 τρίτῳ.
269 2431 294 2496 oi
326 2431 356 2495 δὲ
387 2435 438 2495 νῦν
471 2427 645 2494 Βατανείαν
678 2428 775 2502 αὐτην
807 2433 950 2494 καλοῦσι.
982 2467 1028 2480 --
1055 2429 1231 2510 Δημήτριος
1264 2429 1295 2494 δέ

124 2557 221 2633 φησιν
245 2548 441 2630 Ἀγβάτανα
465 2548 573 2623 διττά,
597 2549 640 2613 τά
663 2549 720 2628 μὲν
745 2554 801 2622 τῆς
825 2548 950 2623 Μηδίας
973 2549 1016 2613 τά
1039 2549 1070 2614 δὲ
1089 2555 1145 2623 τῆς
1166 2549 1293 2630 Συρίας.

125 2669 266 2745 Κτησίας
293 2669 324 2734 δὲ
348 2673 517 2750 πανταχοῦ
536 2670 595 2734 τῶν
617 2673 771 2749 Περσικῶν
791 2667 834 2732 τά
857 2667 943 2748 ταρά
960 2669 1077 2743 Μίδας
1096 2666 1295 2747 Ἀγβάτανα
1408 2699 1409 2734 ς

125 2785 176 2854 διά
201 2793 255 2854 τοῦ
279 2795 301 2857 ά
322 2787 454 2872 γράφει.
475 2788 563 2870 τιαρά
579 2789 610 2852 δὲ
631 2795 696 2860 τοῖς
720 2786 865 2868 άρχαίας
891 2786 942 2851 διά
965 2792 1019 2852 τοῦ
1043 2787 1108 2851 ῖτδ
1127 2785 1293 2866 Περσικόν,
1408 2779 1409 2860 i

125 2911 163 2981 ὡς
196 2910 407 2988 δειχθήσεται.
443 2907 530 2990 ταρά
562 2906 682 2989 Χάρακι
713 2906 743 2970 δὲ
770 2907 823 2972 καί
850 2903 929 2981 αὕτη
961 2904 1011 2971 διά
1039 2909 1093 2970 τοῦ
1118 2917 1156 2979 ἒ,
1181 2902 1216 2980 ἣν
1239 2905 1293 2970 καί
1408 2877 1409 2922 3

125 3026 337 3110 Ἐτιφάνειάν
359 3033 441 3110 φασι
466 3028 647 3101 κεκλῆσθαι.
673 3037 731 3094 oet.

169 3147 233 3229 Qui
267 3158 393 3234 praeter
426 3149 620 3213 Demetrium
654 3149 831 3235 Magnetem
867 3147 899 3210 in
931 3145 1081 3232 Stephani
1110 3147 1244 3232 epitome
1267 3147 1296 3212 ei

124 3268 275 3346 ίμάννμα
300 3267 465 3354 scriptores
488 3265 647 3331 interdum
671 3265 856 3346 laudantur,
880 3265 928 3330 his
951 3264 1038 3330 aliud
1059 3287 1176 3330 nomen
1195 3287 1291 3352 appo·

122 3387 226 3466 nitur;
262 3397 369 3451 noster
402 3385 486 3451 nude
519 3387 657 3473 ponitur.
704 3385 810 3472 Steph.
840 3387 876 3453 B.
908 3385 1001 3451 habet
1030 3407 1059 3452 v.
1083 3383 1290 3464 Ἐκβάταναε

123 3503 315 3583 Ἐκβάτανα
338 3508 355 3582 η
382 3503 513 3586 μεγάλη
539 3505 626 3585 μερίς
646 3511 701 3580 τῆς
721 3503 864 3580 Μηδίας,
888 3502 954 3569 ἔστι
977 3504 1030 3569 καί
1056 3503 1182 3585 Συρίας.
1230 3505 1293 3573 Vix

122 3621 254 3688 dubium
283 3624 359 3710 quin
387 3625 539 3690 Holstenii
568 3623 735 3690 lectionem
764 3623 957 3688 aMeinekio
980 3621 1159 3702 laudatam,
1183 3645 1291 3709 recep·

121 3753 187 3808 tarn
219 3744 406 3829 oportuerit,
430 3743 564 3832 legentis
585 3747 774 3826 μητρόπολις
801 3765 860 3830 pro
882 3743 979 3824 μερίς.
1027 3742 1184 3808 Ecbatana
1208 3743 1291 3808 enim

121 3861 240 3930 Mediae
258 3862 334 3928 urbs
363 3887 427 3930 non
457 3865 546 3952 regio
568 3863 643 3943 fuit,
675 3875 706 3928 et
728 3863 875 3950 Stephan.
898 3864 934 3930 B.
959 3861 1137 3926 meminerit
1159 3863 1291 3929 Strabo-

121 3985 187 4062 nis,
227 3985 316 4049 ouius
350 3984 446 4050 verba
480 3995 554 4050 sunt
591 4007 622 4071 p.
647 3985 710 4049 522
735 4007 762 4051 o.
788 3986 805 4059 ἡ
831 3983 862 4048 δὲ
891 3981 1001 4058 Μηδία
1033 3981 1111 4062 δίχα
1134 3982 1288 4064 διῄρηται,

122 4107 253 4168 καλοῦσι
285 4103 315 4168 δὲ
348 4105 404 4179 την
433 4105 490 4184 μὲν
518 4102 687 4184 μεγάλην,
713 4099 746 4178 ἧς
773 4101 962 4184 μητρίτνλις
990 4101 1121 4192 (Plinius
1143 4103 1170 4165 N
1189 4105 1228 4170 H.
1254 4103 1290 4182 6,
1408 4155 1409 4164 ,

123 4223 165 4287 17
188 4241 220 4310 p.
245 4223 310 4290 370
332 4223 400 4312 Bip.
424 4223 582 4293 Ecbatana
605 4232 728 4311 eaput
749 4221 879 4312 Mediae)
913 4223 956 4288 τά
989 4219 1200 4300 Ἐκβάτανα,
1233 4245 1290 4300 με·
1408 4311 1409 4332 ¹

122 4342 210 4420 γάιιη
235 4343 343 4419 adare,
370 4354 427 4414 cet
