2848 4546
590 611 594 620 Ι
624 523 770 590 xmn.

150 670 198 737 Id.
223 669 308 741 VIII.
335 673 387 738 66.
435 665 469 745 ἦν
499 671 532 736 δὲ
562 675 652 737 τοῦτο
679 672 830 755 εὐπρεπὲς
852 674 926 756 πρὸς
945 677 1015 750 τοὺς
1042 677 1186 761 πλείους,
1212 681 1279 748 ε’πεί

102 787 185 868 ἕξειν
218 815 258 870 γε
290 791 363 866 την
395 788 516 855 πθλιν
556 788 640 872 οίπεο
676 791 729 856 καὶ
764 791 961 872 μεθίστασαν
997 794 1142 876 ἔμελλον.
1198 802 1281 890 Lege

102 908 170 984 την
193 909 422 976 πολιτείαν.

620 1047 765 1116 XXXIV.

146 1208 195 1275 ld.
219 1211 306 1279 VIII.
332 1193 384 1280 75.
431 1208 545 1277 ἔπειτα
574 1209 679 1290 μέντοι
713 1211 771 1276 ὑπὸ
801 1217 861 1278 τῶν
893 1212 944 1278 διὰ
973 1215 1070 1294 μέσου
1091 1217 1278 1290 κωλυθέντες

9 1409 11 1444 s
101 1327 157 1394 καί
183 1329 394 1414 διδαχθέντες.
440 1331 525 1420 Lege
547 1329 821 1412 ἄναδιδαχθὲντες.

634 1529 764 1595 XXXV.

144 1691 321 1779 Xenophon
355 1692 478 1760 Hellen.
510 1685 571 1763 IV.
605 1696 636 1761 8.
661 1694 692 1761 5.
725 1693 869 1766 καὶτοὺς
895 1695 952 1774 μὲν
978 1693 1082 1768 ίθντας
1106 1695 1273 1776 αρμοστοδς

103 1813 237 1897 φίλας
261 1811 414 1896 ἐδέχοντο.
461 1817 544 1904 Lege
567 1819 712 1897 Φιλικῶς.

616 1993 761 2062 XXXVI.

148 2152 316 2220 Aeschines
337 2153 370 2218 in
394 2154 474 2222 Tim.
499 2156 513 2239 ξ
539 2154 591 2220 62.
627 2156 658 2220 ἕν
685 2156 781 2220 παντί
807 2156 838 2222 δὲ
859 2156 944 2238 κακῷ
971 2155 1146 2238 γενόμενος.
1193 2161 1277 2250 Lege

102 2297 211 2340 κακον.

628 2395 789 2463 XXXVII.

150 2559 410 2650 [Demosthenes].
448 2583 479 2647 p.
517 2559 614 2626 1346.
671 2558 795 2640 ἔγραψε
834 2560 992 2643 ψήφισμα
1030 2561 1061 2625 ε’ν
1092 2572 1131 2645 τῇ
1173 2564 1273 2648 βουλῇ

103 2679 335 2762 Ἀπολλόδωρος
359 2677 527 2758 βουλεύων.
577 2679 673 2746 Voce.
696 2678 727 2741 ἐν
751 2687 791 2761 τῇ
814 2677 915 2764 βουλῇ
938 2691 1174 2770 expungantur.

605 2875 780 2943 XXXVIII.

142 3057 189 3126 Id.
213 3080 245 3144 p.
272 3055 369 3122 1371.
415 3050 462 3119 ίτι
502 3056 558 3130 την
596 3077 637 3132 γε
666 3052 711 3119 σοί
752 3061 890 3133 γυναῖκα
931 3052 1142 3136 δοθησομένην.
1190 3057 1274 3145 Lege

97 3172 144 3242 θ’τι
168 3177 225 3252 την
247 3177 290 3258 τῷ
316 3177 369 3257 θεῷ
395 3183 534 3254 γυναῖκα
559 3174 769 3253 δοθησομένην.

128 3295 188 3362 Id.
212 3319 243 3382 p.
269 3296 365 3363 1383.
403 3296 513 3379 κομιδῇ
550 3293 612 3376 γθιρ
643 3294 697 3370 ἤδη
729 3297 891 3365 παντελῶς
926 3292 1051 3371 ἐξουσία
1081 3291 1171 3360 ἔσται
1197 3303 1270 3368 ταῖς

96 3413 222 3497 πίνναις
252 3424 399 3482 συνοικεῖν
432 3411 475 3488 οίς
505 3413 544 3480 θον
570 3413 758 3493 βούλωνται.
806 3414 883 3481 Voe.
906 3418 1069 3486 παντελῶς
1100 3414 1269 3482 insiticium

99 3546 154 3602 est.

621 3640 768 3704 XXXIX.

138 3807 328 3874 Plutarchus
349 3809 436 3875 Caes.
459 3807 512 3873 69.
545 3815 585 3890 τῇ
610 3805 669 3885 μὲν
694 3804 797 3888 πρώτη
820 3802 917 3887 μοίχη
939 3805 1112 3888 κρατήσας.
1137 3804 1268 3896 Corrige

93 3928 278 4013 προτέρα.

653 4047 718 4111 XI..

135 4211 182 4278 Id.
206 4214 239 4280 in
262 4214 362 4282 Bruto
386 4216 438 4282 22.
483 4213 653 4296 γράμματι
681 4213 714 4280 δὲ
738 4221 810 4288 ταῖς
837 4215 891 4279 ὑπ’
917 4212 1012 4278 αὐτοῦ
1039 4209 1093 4276 καί
1123 4211 1265 4292 κληρονό-

97 4357 152 4411 μος
176 4335 457 4416 ἀπολελειμμένος.
506 4337 567 4401 Pro
589 4341 661 4406 ταῖς
685 4333 756 4424 lege
777 4342 865 4407 παῖς.
