2822 4540
323 1269 693 1389 DEMETRIUS
723 1269 1003 1390 MAG-NDS.

129 1952 312 2029 Triennium
343 1971 389 2026 est
418 1985 458 2026 ex
487 1984 551 2046 quo
580 1962 611 2026 in
642 1961 813 2026 Germania
842 1959 1038 2028 celeberrimi
1059 1963 1253 2054 philologia

84 2081 243 2150 Simonide
266 2079 381 2147 atalia
405 2091 437 2146 et
459 2082 614 2145 Uranium
638 2081 755 2146 scilicet
787 2093 994 2169 acceperunt,
1026 2095 1256 2172 acceptumque

83 2201 177 2268 edere
207 2210 417 2288 paraverunt,
448 2201 559 2266 Uranii
585 2223 649 2266 non
674 2210 795 2266 textum
824 2211 947 2268 tantum
970 2225 1081 2268 verum
1105 2213 1136 2269 et
1157 2205 1255 2270 vitam

83 2331 177 2388 antea
200 2325 300 2407 aeque
321 2321 464 2408 ignotam
486 2320 522 2386 iis
544 2318 629 2386 dedit
651 2319 841 2402 Simonides3
867 2322 981 2386 etenim
1005 2321 1104 2388 futuri
1123 2322 1257 2390 editores

82 2464 185 2529 quum
219 2440 362 2506 editionis
395 2440 543 2527 principis
577 2441 747 2525 specimina
781 2462 957 2526 proponere
987 2441 1050 2506 ism
1084 2441 1117 2506 in
1151 2442 1259 2507 animo

80 2560 293 2627 haberentet
315 2559 530 2648 intelligerent
553 2558 690 2624 multum
714 2560 862 2625 interesse
885 2561 964 2625 scire
987 2560 1131 2645 quisnam
1151 2560 1260 2627 fuisset

79 2681 138 2747 ille
161 2681 312 2760 Uranius,
341 2703 382 2746 ne
405 2689 483 2744 tunc
506 2677 632 2766 quidem
663 2680 699 2744 iis
721 2677 820 2744 defuit
850 2678 1024 2745 Simonides
1046 2679 1100 2744 sed
1123 2679 1259 2747 alterum

79 2801 204 2868 librum
234 2823 254 2865 a
280 2823 313 2866 se
343 2809 507 2886 repertum
535 2797 652 2863 habere
682 2797 832 2864 narrabat
861 2821 962 2884 eoque
992 2797 1073 2864 libro
1106 2801 1261 2865 contineri

78 2919 236 2986 Demetrii
258 2919 410 3006 Magnetis
433 2941 512 3004 opus
535 2917 602 2998 περὶ
624 2917 791 2996 ὁμωνύμων
811 2921 942 2994 ποιητῶν
962 2918 1014 2983 καὶ
1030 2905 1258 3000 commissa.

79 3037 250 3123 Quaedam
263 3037 351 3117 hinc,
365 3048 401 3103 ut
412 3037 529 3117 aiebat,
550 3036 693 3102 desumto
711 3037 845 3124 protulit
863 3036 901 3103 de
919 3039 983 3104 vita
995 3039 1103 3104 Uranii
1115 3049 1146 3103 et
1157 3029 1271 3103 Nonni

76 3160 350 3247 Dionysiacorum
380 3158 533 3236 auctoris,
570 3179 715 3244 quaeque
748 3156 822 3222 inde
855 3179 950 3244 super
981 3158 1135 3224 Uranium
1163 3179 1260 3223 suum

77 3278 188 3345 editor
209 3287 323 3344 nactus
344 3286 413 3343 crat
434 3299 472 3342 ea
493 3300 558 3342 non
586 3275 740 3342 dubitavit
768 3276 808 3342 ad
831 3279 933 3364 operis
955 3276 1067 3343 edendi
1090 3277 1260 3364 specimina

78 3397 242 3478 adiicere,
266 3395 422 3463 nihildum
446 3395 565 3461 fraudis
588 3396 760 3482 suspicatus
782 3419 841 3462 nec
864 3406 1012 3484 reputans
1035 3418 1075 3462 an
1098 3395 1167 3461 fieri
1189 3419 1260 3482 pos-

78 3527 126 3582 set
151 3516 250 3582 utin
274 3515 362 3582 libris
384 3538 404 3581 a
427 3517 569 3604 genuino
593 3515 750 3580 Demetrio
780 3517 925 3604 Magnete
954 3517 1136 3604 conscriptis
1157 3517 1265 3582 Nonni

79 3647 139 3702 aut
172 3635 288 3705 Uranii
317 3636 382 3700 vita
411 3645 614 3701 enarraretur
640 3634 679 3724 ¹).
726 3636 790 3701 Cur
819 3646 924 3701 autem
956 3658 1029 3701 cum
1061 3637 1170 3702 Uranii
1199 3637 1263 3701 vita
1370 3631 1371 3644 *

74 3756 192 3823 Nonni
214 3755 413 3844 potissimum
429 3755 601 3841 expromsit
617 3754 790 3820 Simonides
808 3777 849 3820 ex
866 3777 924 3820 suo
941 3755 1122 3820 Demetrio?
1156 3755 1255 3821 Nimi-

75 3899 156 3943 rum
181 3875 268 3942 idem
289 3872 464 3940 Simonides
484 3873 594 3940 eodem
617 3895 701 3943 anno
724 3875 841 3960 quoin
864 3873 1036 3940 Germania
1052 3872 1252 3959 profecturus

114 4211 137 4271 ¹)
157 4213 202 4266 cf.
222 4212 257 4264 A.
278 4212 425 4277 Lykurgon
451 4211 659 4276 Enthucllungcn
684 4211 761 4261 neber
778 4211 827 4260 den
844 4210 1179 4262 Simonides-Diodorfsclren
1194 4211 1257 4262 Ura·

79 4299 150 4350 nius.
182 4305 212 4351 20
229 4299 339 4363 aufisge,
357 4298 463 4361 Leipzig
483 4301 563 4358 1856,
580 4313 604 4361 p.
621 4301 651 4346 41
668 4303 694 4346 et
708 4299 749 4346 57.
785 4295 841 4344 The
858 4295 1019 4346 Athenaeum
1037 4296 1099 4347 febr.
1121 4300 1168 4357 16,
1187 4301 1266 4358 1857,

85 4398 111 4446 p.
133 4389 189 4434 acl
210 4398 262 4448 seq.

1069 4479 1081 4518 1
1287 4441 1371 4518 A
