2822 4540
691 287 730 348 17

119 507 304 596 complexus
326 519 357 574 et
379 509 541 598 adaugens
563 509 666 576 dedita
689 533 782 598 opera
807 511 995 598 cognomina
1013 511 1184 592 referebat,
1209 533 1289 599 quae

117 630 296 716 saepissime
324 629 426 695 media
454 630 487 695 in
518 630 698 696 narratione
727 630 811 718 apud
838 653 910 696 eura
935 632 1115 718 interposita
1138 643 1290 720 apparent

120 751 246 839 (Strabo
265 751 347 829 459,
374 751 437 816 647
457 748 527 838 im).
547 751 676 831 Strabo,
701 761 783 816 totus
803 751 834 816 in
855 753 992 816 Homero
1004 763 1144 818 versatus
1163 775 1216 818 eos
1231 776 1287 839 po-

116 871 271 936 tissimum
297 870 372 936 adiit
394 872 449 957 qui
471 870 557 937 hunc
579 870 794 951 illustrarunt3
821 870 875 935 ubi
897 893 927 936 v.
949 895 976 937 o.
1000 869 1039 936 de
1057 873 1150 937 variis
1169 883 1288 960 septem

116 989 252 1076 Ephyris
281 989 418 1076 disputat
451 989 495 1079 (p.
519 991 597 1079 338)
631 990 664 1056 in
694 993 832 1056 Homero
860 990 996 1056 constitit
1026 1013 1128 1077 neque
1152 991 1288 1057 aliorum

117 1132 214 1196 quam
237 1110 386 1175 Demetrii
408 1111 525 1196 Scepsii
547 1121 579 1176 et
600 1109 785 1197 Apollodori
807 1110 968 1197 opiniones
991 1122 1141 1177 recenset.
1180 1113 1289 1193 Quum

117 1230 158 1295 ab
177 1229 277 1295 altera
296 1239 385 1316 parte
404 1228 518 1294 Strabo
535 1231 618 1295 inter
640 1229 789 1296 arctiores
811 1229 887 1294 fines
910 1252 942 1294 se
962 1230 1166 1307 continuerit,
1190 1229 1230 1295 ah
1242 1231 1289 1295 al-

116 1360 186 1414 tera
208 1348 280 1414 satis
302 1348 431 1414 haberet
454 1371 542 1414 suam
567 1349 745 1436 opinionem
769 1348 930 1434 proferre,
950 1348 1109 1436 sequendo
1125 1348 1289 1414 autrefel·

117 1468 213 1535 leudo
243 1491 296 1534 eos
326 1469 380 1554 qui
414 1468 487 1534 data
522 1491 616 1556 opera
646 1467 685 1534 de
714 1491 780 1533 uno
805 1468 944 1533 alterove
968 1468 1040 1533 loco
1063 1466 1286 1549 disseruerunt,

115 1613 222 1677 neque
250 1588 405 1678 indigeret
430 1611 509 1675 opus
538 1588 675 1654 universi
709 1587 890 1676 argumenti
920 1586 1014 1674 quale
1042 1587 1193 1653 Demetrii
1222 1590 1286 1653 lila-

117 1710 220 1798 gnetis
242 1719 326 1786 erat,
358 1719 468 1774 testem
491 1706 638 1787 laudare3
666 1705 783 1772 idcirco
805 1728 869 1771 non
893 1705 971 1771 adeo
994 1706 1110 1773 mirum
1133 1706 1288 1774 videbitur

116 1829 142 1894 si
154 1829 347 1906 Demetrius,
364 1850 457 1914 quern
472 1837 592 1892 constat
603 1825 657 1891 diu
669 1835 742 1891 ante
753 1849 810 1892 sua
821 1825 964 1904 edidisse,
978 1849 1073 1912 quam
1086 1827 1198 1894 Strabo
1209 1852 1285 1917 geo-

116 1948 269 2038 graphica
288 1947 423 2034 scripsit,
443 1946 483 2011 ab
495 1945 554 2012 hoc
571 1967 726 2031 nusquam
744 1944 901 2025 laudetur,
917 1946 976 2010 nisi
995 1943 1075 2012 forte
1086 1947 1117 2011 in
1131 1939 1287 2014 Demetrio

115 2066 352 2134 eiiusdemmodi
371 2066 447 2152 quid
466 2067 516 2132 hic
536 2064 706 2130 obtinuerit
724 2087 761 2130 ao
773 2065 804 2131 in
820 2067 887 2152 ipso
898 2065 1065 2144 Strabone,
1086 2089 1287 2153 quemnemo

115 2189 216 2255 ferme
239 2199 311 2252 ante
333 2185 491 2271 sequiores
509 2183 681 2249 Graeculos
699 2183 823 2264 laudat,
852 2184 944 2250 multi
966 2197 1071 2250 tamen
1094 2184 1283 2251 describunt.

161 2310 248 2373 Inter
266 2305 323 2371 hos
341 2305 498 2390 sequiores
513 2302 689 2390 Stephanus
704 2303 780 2390 Byr.
802 2305 950 2382 ὁμώνυμα
967 2303 1006 2368 de
1018 2303 1170 2370 industria
1188 2327 1285 2392 appo-

115 2451 194 2493 nens
206 2425 273 2492 aliis
284 2434 409 2512 praeter
421 2423 614 2489 Demetrium
624 2422 846 2489 etStrabonem
860 2447 934 2488 usus
946 2434 1001 2502 est,
1011 2425 1150 2490 etmulto
1158 2425 1285 2512 aequio-

115 2569 150 2613 re
170 2546 277 2612 animo
296 2543 424 2609 ierimus
442 2544 596 2609 iacturam
616 2541 682 2606 eius
701 2543 797 2628 partis
816 2543 1007 2608 Demetriani
1026 2544 1127 2629 operis
1146 2565 1228 2629 quae
1247 2541 1285 2608 de

115 2665 248 2732 urbibus
266 2687 360 2752 quam
381 2686 462 2749 quae
472 2661 512 2727 de
524 2663 597 2727 viris
607 2661 807 2750 homonymis
818 2672 895 2728 erat.
920 2663 992 2744 Quo
1003 2662 1115 2728 melius
1126 2673 1233 2728 autem
1244 2685 1284 2728 ex

114 2785 332 2874 superstitibus
348 2783 531 2871 fragmentis
541 2783 734 2850 Demetrium
747 2783 964 2871 cognoscimus
976 2807 1013 2848 eo
1025 2783 1125 2883 magis
1135 2782 1285 2870 intelligi·

114 2929 201 2985 mus,
219 2906 243 2971 si
257 2907 379 2992 integer
390 2903 470 2969 liber
480 2912 653 2989 superesset
664 2925 759 2990 quam
773 2913 876 2968 certus
888 2901 953 2968 dux
963 2903 996 2968 in
1009 2903 1154 2969 historiae
1166 2901 1285 2967 littera·

114 3028 181 3092 riae
192 3026 332 3090 Graecae
344 3020 524 3110 labyrintho
536 3023 624 3087 nobis
636 3035 758 3108 praesto
770 3022 887 3088 fuisset.
910 3021 1043 3090 Valebat
1054 3023 1143 3108 copia
1154 3031 1186 3086 et
1197 3021 1227 3085 vi
1238 3019 1284 3085 di-

116 3145 221 3225 cendi,
235 3145 285 3210 vel
297 3146 327 3208 in
341 3142 388 3208 his
399 3143 506 3230 paucis
518 3141 701 3229 fragmentis
712 3141 853 3207 cernitur
864 3142 931 3206 eius
942 3141 1123 3222 στρογγύλη
1135 3140 1236 3219 λέξις,
1253 3149 1285 3204 et
1312 3131 1315 3138 ¹

116 3267 224 3331 insunt
234 3263 335 3329 multa
347 3262 445 3341 dicta,
464 3266 575 3344 σαφῶς
591 3261 643 3326 καὶ
656 3267 747 3342 τορῶς
761 3261 937 3341 enuntiata;
955 3270 987 3326 et
997 3260 1224 3347 circumspecto
1234 3258 1284 3323 iu·

115 3385 198 3451 dicio
217 3382 376 3470 praeditus
394 3380 473 3447 illud
492 3404 584 3467 opus,
604 3403 772 3466 quosuum
785 3381 898 3466 cuique
910 3380 1078 3460 tribuebat,
1101 3378 1237 3446 condidit
1247 3388 1284 3444 ut

116 3503 306 3570 multifariae
329 3501 468 3567 lectionis
487 3499 710 3585 doctrinaeque
729 3499 860 3565 fruetus.
894 3501 930 3564 In
950 3501 1055 3564 animo
1073 3499 1162 3565 nobis
1180 3509 1225 3564 est
1243 3499 1284 3563 ad

114 3626 196 3711 ipsas
219 3622 384 3700 ὁμωνύμων
408 3621 516 3698 series,
541 3618 595 3684 ubi
612 3619 736 3706 quidem
758 3619 876 3684 utiliter
894 3619 961 3684 fieri
980 3631 1095 3706 potest,
1120 3617 1282 3685 ostendere

115 3753 152 3809 nt
169 3741 344 3808 adhibenda
363 3739 511 3804 Demetrii
528 3738 632 3804 adhuc
647 3738 792 3826 neglecta
804 3740 987 3805 auctoritate
999 3750 1029 3804 et
1042 3761 1148 3826 opera,
1162 3749 1280 3804 certam

116 3883 261 3928 normam
284 3859 519 3937 nanciscamur,
544 3881 606 3944 qua
629 3857 723 3936 duce,
748 3857 867 3944 aliquot
888 3880 1010 3923 errores
1032 3859 1064 3924 in
1083 3858 1212 3924 historia
1230 3857 1280 3922 lit-

115 3981 231 4048 teraria
255 3979 409 4045 commissi
432 3979 548 4065 corrigi
571 3987 602 4042 et
623 4000 746 4043 errores
769 4001 833 4043 esse
855 3977 1062 4044 demonstrari
1086 3978 1212 4065 possint.

160 4102 260 4166 Nemo
283 4099 342 4163 fuit
364 4098 418 4184 qui
440 4098 598 4163 Demetrio
619 4098 778 4183 antiquior
800 4096 957 4183 peculiare
982 4121 1059 4184 opus
1088 4097 1127 4162 de
1150 4097 1281 4182 scripto·

109 4219 202 4314 ribus
223 4218 421 4307 homonymis
443 4217 577 4305 scripsit,
601 4226 671 4304 post
692 4240 765 4282 eum
785 4215 878 4304 idque
897 4215 1015 4282 dudum
1035 4215 1100 4282 dno
1116 4216 1281 4301 scriptores

113 4338 211 4404 semel
234 4348 465 4419 memorantur,
490 4339 520 4404 in
545 4337 636 4403 simili
661 4337 741 4403 forte
763 4346 952 4426 argumento
970 4337 1101 4415 versati,
1129 4335 1279 4422 quicum

1026 4463 1028 4478 ·
1087 4457 1105 4504 a
