2848 4546
652 288 713 351 103

96 511 336 598 Xenophontem
364 511 612 595 Lampsacenum
644 510 800 596 scripsisse
832 509 913 580 sslud
936 513 1038 600 ipsum
1061 539 1156 603 opus,
1181 520 1266 606 quod

94 633 272 700 Demetrius
301 629 408 716 paucis
437 639 468 694 et
497 625 682 706 luculentis,
717 639 752 695 ut
781 627 876 708 solet,
908 631 1009 698 verbis
1033 639 1266 715 cocatpvddha

92 749 257 834 τερατείαν
266 751 285 817 i.
296 774 322 815 e.
331 747 549 837 prodigiorum
558 746 772 814 fabulosorum
782 751 1006 830 narrationem,
1020 752 1267 825 faciuntValerii

92 871 220 938 Maximi
241 871 328 939 VIII.
354 869 386 936 3.
413 872 442 935 7.
472 867 584 932 verba:
622 865 828 948 „Alexander
860 869 938 958 (scil.
966 872 1156 964 Polyhistor)
1190 899 1267 945 vero

92 993 124 1058 in
148 1015 186 1057 eo
217 977 395 1066 volumine,
431 986 517 1074 quod
550 986 589 1052 de
623 987 753 1074 Illyrico
784 997 888 1056 tractu
911 993 1103 1078 composuit,
1128 993 1266 1062 affirmat

92 1110 259 1182 llanthona
290 1107 447 1195 quendam
471 1106 511 1172 ad
534 1107 821 1194 quingentesimum
847 1131 946 1195 usquc
968 1133 1089 1178 annum
1112 1112 1202 1178 nulla
1225 1139 1264 1180 ex

92 1242 183 1318 parte
206 1237 418 1298 senescentem
441 1227 634 1314 processisse.
681 1225 742 1292 Sed
762 1227 865 1294 multo
890 1228 1051 1296 liberalius
1069 1230 1263 1319 Xenophon,

61 1357 64 1365 '
90 1353 183 1418 ouius
205 1347 378 1430 Περίπλους
403 1345 538 1434 legitur,
569 1347 595 1411 is
617 1347 701 1410 enim
725 1346 919 1413 Latmiorum
942 1370 1052 1438 regem
1075 1352 1265 1440 octingentis

90 1473 174 1538 vitae
196 1469 286 1536 annis
308 1466 445 1532 donavit.
490 1465 537 1532 Ac
560 1488 599 1529 ne
621 1474 711 1550 pater
733 1465 800 1530 eius
823 1487 937 1552 parum
963 1467 1101 1557 benigne
1119 1481 1265 1558 acceptus

91 1590 270 1667 videretur,
302 1589 331 1653 ei
361 1609 487 1673 quoque
518 1595 679 1650 sexcentos
705 1585 875 1674 assignavit
905 1588 1037 1656 annos.’'
1073 1590 1119 1656 ef.
1144 1591 1264 1657 Plinius

90 1713 129 1776 N.
153 1711 192 1776 H.
216 1709 286 1778 VII.
311 1707 365 1772 49.
392 1705 539 1775 Valerius
571 1705 727 1771 Maximus
762 1727 862 1791 quum
896 1706 1111 1794 Xenophontis
1144 1709 1262 1776 librum

89 1827 264 1910 Περίτνανν
287 1827 472 1912 inscriptum
497 1824 589 1890 fuisse
613 1823 724 1903 docet,
749 1847 822 1889 eum
846 1825 907 1890 alio
926 1825 998 1892 loco
1016 1825 1182 1892 confirmat
1201 1827 1265 1892 Pli-

91 1949 165 2014 nius
187 1948 242 2014 IV.
267 1949 320 2010 27.
344 1968 375 2031 p.
399 1945 476 2009 291.
501 1943 553 2021 B,
577 1943 731 2008 scribens:
762 1944 967 2031 „Xenophon
990 1947 1220 2031 Lampsacenus
1245 1969 1264 2011 a

9 2145 10 2166 Χ
89 2067 197 2132 littore
230 2062 420 2149 Scytharum
455 2061 552 2126 tridui
586 2062 787 2148 navigatione
821 2062 956 2129 insulam
992 2088 1057 2130 esse
1091 2065 1263 2132 immensae

9 2187 10 2214 l
92 2181 319 2270 magnitudinis
346 2180 479 2246 Baltiam
511 2179 616 2245 tradit.
668 2180 808 2247 Eandem
832 2182 966 2268 Pytheas
988 2183 1137 2264 Basiliam
1160 2185 1262 2250 nomi-

89 2301 188 2370 nat.”
214 2300 292 2366 adde
315 2299 397 2366 Plin.
422 2301 475 2368 VI.
500 2299 554 2364 36.
577 2299 730 2365 Mullerus
753 2299 776 2366 l.
800 2300 822 2367 l.
846 2310 936 2388 putat
959 2301 1176 2368 Alexandrum
1199 2304 1263 2368 Ρο-

89 2422 290 2510 lyhistorem,
305 2420 357 2485 ubi
370 2419 420 2484 hic
429 2418 538 2484 laudat
549 2419 633 2505 apud
644 2417 838 2506 Stephanum
851 2422 1061 2508 Byzantinum
1074 2445 1103 2488 v.
1113 2421 1260 2502 Ὠρωτός

91 2544 276 2625 Ξενοφῶντα
307 2542 337 2605 ἐν
365 2546 437 2612 ταῖς
469 2539 700 2618 αναμετρήσετν
733 2541 799 2618 τῶνΙ
822 2541 892 2619 ὀρῶν
923 2539 977 2630 (ita
1008 2538 1180 2606 Salmasius
1202 2563 1261 2627 pro

89 2663 245 2730 librorum
270 2657 359 2748 dhar)
384 2658 625 2744 Xenophontem
655 2658 921 2744 Lampsacenum,
950 2661 1067 2748 Peripli
1097 2671 1259 2732 auctorem

88 2782 235 2862 laudare;
256 2783 362 2867 itaque
373 2779 549 2866 Xenophon
562 2781 809 2866 Lampsacenus,
830 2780 883 2866 qui
896 2780 1118 2869 Carthaginem
1135 2790 1258 2868 captam
1319 2818 1320 2821 τ

88 2905 191 2983 novit,
212 2925 276 2967 una
292 2900 430 2966 alterave
446 2909 546 2966 aetate
562 2898 662 2963 maior
676 2899 771 2962 fuerit
789 2909 923 2985 utroque
935 2900 1140 2988 polyhistore,
1160 2900 1256 2968 Alex-

89 3023 190 3089 andro
212 3032 245 3086 et
262 3020 419 3088 Demetrio
437 3018 574 3106 Magneti
592 3019 674 3083 inter
692 3041 757 3084 sese
774 3016 838 3082 fere
858 3020 1052 3105 aequalibus.
1077 3023 1139 3104 Qui
1150 3033 1256 3094 autem

89 3142 207 3212 factum
232 3149 280 3220 ut,
306 3163 406 3226 quum
425 3162 489 3205 non
513 3137 639 3202 difficile
662 3136 722 3202 fuit
744 3135 849 3202 videre
872 3139 924 3203 τὸν
947 3141 1067 3218 μυθώδη
1090 3141 1254 3222 τερατείαν

88 3259 417 3344 πεπραγματευμένον
442 3283 507 3324 esse
536 3256 776 3345 Xenophontem
810 3243 1074 3344 Lampsacenum,
1099 3259 1255 3340 Περίτλνν

88 3391 144 3446 aut
172 3381 387 3462 Περνργῆσεως
420 3402 546 3466 quoque
580 3388 757 3456 auctorem,
788 3376 820 3442 id
852 3389 955 3446 tamen
985 3379 1141 3466 principes
1170 3381 1255 3448 viros

88 3501 228 3590 fugerit?
275 3500 432 3564 Nimirum
456 3509 589 3583 uterque
611 3519 648 3562 ea
670 3497 826 3585 neglexit,
851 3521 932 3584 quae
955 3498 1083 3563 maximi
1105 3501 1256 3566 momenti
1296 3545 1302 3555 ι

87 3619 138 3686 hic
168 3629 251 3684 sunt.
296 3618 423 3687 Vossius
452 3617 619 3704 ignorabat
639 3614 697 3681 hos
719 3617 886 3695 ὁμωνύμων
911 3617 1069 3706 catalogos
1093 3628 1254 3684 auctorem

86 3738 201 3806 habere
223 3739 417 3804 Demetrium
441 3739 635 3824 Magnetem,
660 3745 691 3802 et
712 3736 864 3802 Mullerus
887 3736 926 3801 ad
949 3739 1078 3804 tertium
1100 3740 1133 3805 F.
1147 3741 1184 3802 H.
1197 3739 1254 3807 Gr.

86 3859 236 3924 volumen
259 3857 417 3935 nondum,
449 3856 502 3923 sed
524 3856 564 3923 ad
593 3866 742 3942 quartum
767 3856 893 3922 demum
918 3858 950 3921 in
974 3857 1061 3922 illam
1085 3858 1179 3922 lonsii
1202 3881 1255 3924 su·

86 3978 255 4066 spicionem
285 3977 446 4045 inciderat.
494 3978 659 4043 Praeterea
683 3985 719 4042 ut
741 4000 849 4042 omnes
875 3977 907 4041 in
938 3977 1097 4042 Historicis
1124 3978 1255 4046 Graecia

86 4122 105 4164 a
127 4099 251 4177 Vossio,
277 4121 401 4163 summo
424 4098 509 4175 viro,
533 4095 721 4184 pendemus,
750 4105 915 4182 postquam
939 4095 989 4162 hic
1012 4096 1134 4166 cautius
1157 4120 1253 4183 quam

86 4219 265 4290 accuratius
286 4221 469 4307 scripserat:
493 4226 567 4301 „est
588 4217 682 4294 etiam
705 4213 882 4304 Xenophon
906 4217 1153 4304 Lampsacenus,
1178 4241 1253 4306 geo-

86 4341 240 4430 graphus,
262 4353 301 4417 pt
323 4340 447 4408 videtur
456 4340 488 4421 ,³¹
512 4340 670 4428 aequiores
691 4361 765 4406 eum
789 4339 904 4420 secuti,
929 4362 1084 4430 magnum
1102 4337 1253 4407 interval·
