2848 4546
718 295 759 356 74

713 552 750 615 Z.

617 793 845 850 ΖΗΝΩΝΕΣ.

189 998 390 1086 Diogenes
412 997 447 1062 L.
470 998 542 1064 Vss.
567 995 620 1061 35.
655 995 809 1076 Γεγόνασι
835 994 866 1060 δὲ
894 993 1029 1069 Ζήνωνες
1069 996 1160 1060 όκτθ·
1201 1001 1318 1076 πρῶτος

145 1114 355 1193 όἘλεοίτνς,
390 1114 469 1206 (περὶ
499 1108 535 1180 οὗ
562 1114 723 1204 λέξομεν)·
747 1115 904 1204 δεύτερος,
940 1116 1034 1188 αὐτὸς
1064 1111 1162 1189 οὗτος·
1193 1115 1317 1199 τρίτος,

145 1236 256 1310 Ῥόδιος
281 1237 336 1311 τήν
361 1235 498 1301 ἐντόπιον
524 1238 696 1318 γεγραφὼς
723 1235 858 1318 ἱστορίαν
884 1233 1013 1300 ἑνιαίαν·
1043 1235 1208 1316 τέταρτος,
1234 1238 1319 1302 ἱστο-

145 1359 225 1440 ρικός
248 1358 303 1432 τήν
323 1356 438 1440 Πύρρου
454 1358 626 1438 γεγραφὼς
640 1355 808 1436 στρατείαν
834 1357 876 1428 είς
900 1355 1043 1421 Ἰταλίαν
1069 1357 1122 1422 καὶ
1150 1355 1318 1434 Σικελίαν,

145 1477 236 1544 σίλλόι
261 1479 314 1544 καὶ
343 1477 493 1556 ἐπιτομήν
520 1481 580 1542 τῶν
609 1475 839 1556 πεπραγμένων
862 1475 1025 1554 Ῥωμαίοις
1050 1500 1087 1541 τε
1110 1477 1163 1541 καὶ
1186 1485 1318 1557 Καρχή-
1413 1465 1414 1474 ¹

146 1596 262 1670 δονίοις·
286 1596 450 1676 πέμπτος,
473 1594 652 1675 Χρυσίππου
676 1595 835 1680 μαθητής,
858 1593 978 1674 βιβλία
997 1595 1055 1674 μὲν
1076 1594 1172 1673 όλίγα
1196 1619 1318 1677 γεγρα-

146 1716 232 1798 Φθς,
256 1714 402 1796 μαθντόις
425 1714 456 1779 δὲ
486 1713 653 1786 πλείστους
676 1714 927 1786 καταλελοιπώς·
950 1711 1038 1786 ἕκτος
1063 1715 1166 1795 ἰατρός
1188 1713 1319 1798 Ἡροφί-

146 1851 243 1920 λειος,
273 1841 378 1908 νοῆσαι
403 1833 460 1914 μὲν
486 1832 611 1912 ἱκανός,
641 1832 767 1914 γροίψαι
790 1835 815 1898 δ’
837 1832 956 1906 όιτονος·
984 1830 1135 1913 ἕβδομος,
1161 1857 1319 1915 γραμμα-
1389 1853 1391 1862 ‘

146 1956 230 2028 τικὸς
262 1949 296 2019 οὗ
325 1954 398 2035 πρός
426 1961 491 2026 τοῖς
522 1951 631 2025 σίλλοις
668 1952 720 2018 καί
760 1951 997 2034 ἐπιγράμματα
1031 1953 1177 2036 φέρεται·
1211 1952 1317 2034 όγδοος

147 2074 288 2146 Σιδόνιος
314 2073 350 2138 τό
377 2071 483 2152 γένος,
507 2072 681 2156 Φιλόσοφος
708 2072 915 2154 Ἐπικούρειος
938 2073 992 2138 καί
1016 2079 1121 2149 νοῆσαι
1146 2076 1198 2141 καί
1224 2075 1317 2156 ἕρμή-
1414 2127 1415 2160 3

149 2198 254 2259 νεῦσαι
279 2193 399 2275 σαφής.

193 2318 309 2394 πρῶτος
335 2312 349 2377 ό
373 2310 539 2388 Ἐλεοίτής.
588 2312 790 2400 Diogenes
813 2312 847 2378 L.
873 2313 928 2379 lx.
951 2312 1093 2379 26--27.
1118 2315 1262 2379 καθελεῖν
1284 2315 1315 2380 δὲ

149 2433 283 2508 θελήσας
304 2430 450 2512 Νέαρχον
465 2433 517 2496 τόν
532 2430 677 2512 τύραννον
693 2468 736 2480 ——
750 2433 776 2496 οἱ
789 2431 839 2510 δέ,
855 2431 1048 2510 Διομέδοντα
1058 2470 1103 2482 -
1117 2431 1315 2515 συνελήφθη,

149 2551 231 2618 κκόοί
256 2556 353 2634 φήσιν
372 2551 574 2632 Ἡρακλείδης
598 2553 629 2616 ἐν
651 2561 690 2634 σή
715 2551 858 2632 Σατθρου
887 2553 1032 2633 ε’πιτομή.
1059 2547 1110 2617 ότε
1134 2551 1186 2616 καί
1206 2551 1317 2628 ἐξετα-

151 2672 273 2756 ζόμενος
290 2672 360 2743 τοὺς
379 2670 555 2742 συνειδότας
577 2671 628 2735 καί
647 2671 713 2752 περὶ
732 2676 791 2736 τῶν
813 2668 915 2736 όπλιον
939 2666 978 2735 ὧν
1001 2664 1076 2750 ήγεν
1099 2672 1142 2743 είς
1157 2669 1316 2752 Λιποίραν,

150 2791 274 2863 ποίντας
308 2791 457 2870 ἐμήνυσεν
485 2793 581 2855 αὐτοῦ
614 2791 684 2862 τοὺς
710 2790 838 2872 φίλους,
869 2789 1059 2870 βουλόμενος
1088 2790 1182 2854 αὐτόν
1209 2788 1317 2872 ἔρημον

150 2919 366 2986 καταστῆσαι·
409 2905 480 2976 εἶτα
513 2909 583 2991 περί
622 2933 709 2974 τινοιν
743 2911 833 2975 εἰπὼν
870 2908 956 2990 ἔχειν
992 2910 1063 2975 τινόι
1096 2911 1194 2975 εἰπεῖν
1234 2911 1318 2990 αὐτῷ

151 3029 224 3111 πρὸς
255 3030 289 3094 τό
324 3024 372 3102 οὗς
408 3029 501 3109 ἔλεγε
541 3031 593 3095 καί
632 3031 790 3110 κόφαντος
822 3031 920 3096 δακὼν
952 3030 987 3095 τό
1019 3029 1104 3096 ὠτίον
1129 3032 1182 3095 οὐκ
1207 3031 1319 3104 οξνήκεν

151 3147 205 3223 ἕως
235 3151 447 3226 ἀπεκεντήθη,
476 3151 591 3216 ταύτόν
621 3148 862 3230 Ἀριστογείτονι
887 3149 929 3230 τῷ
956 3148 1180 3230 τυραννοκτόνῳ
1205 3149 1320 3214 παθών.

151 3270 328 3350 Δημήτριος
368 3269 399 3336 δέ
434 3275 530 3353 Φνσιν
568 3271 600 3334 ἔν
642 3278 707 3341 τοῖς
745 3269 915 3349 όμυνόμοις
946 3270 1003 3336 ,τόν
1040 3277 1187 3350 μυκτῆρα
1226 3271 1320 3334 αὐτόν

150 3390 357 3469 οόποτραγεῖν.

196 3506 368 3572 Heraclidis
397 3508 504 3573 Lembi
540 3509 602 3574 sive
636 3510 741 3595 Satyri
776 3508 869 3573 verba
904 3509 1012 3573 Latine
1052 3510 1145 3574 vertit
1176 3507 1322 3577 Valerius

150 3628 232 3694 Max.
255 3627 313 3692 111.
338 3631 369 3694 3.
395 3628 415 3693 3
439 3651 467 3695 e.

196 3746 354 3830 δεύτερος,
377 3749 470 3821 αὐτὸς
494 3742 591 3820 οὖτος.
618 3747 684 3814 scil.
709 3747 722 3810 ὃ
747 3747 887 3821 Κιτιεύς,
911 3748 925 3811 ὁ
950 3747 1088 3820 στωικός.

195 3867 398 3957 Diogenes
421 3869 623 3937 L..v11.31.
659 3866 738 3949 Φνσί
763 3867 794 3932 δὲ
811 3868 986 3949 Δημήτριος
1010 3866 1024 3931 o‘
1048 3866 1184 3949 Μιίγνής
1206 3871 1237 3935 ἐν
1256 3878 1319 3942 τοῖς

149 3985 320 4067 ὁμυνόμοις
352 3990 404 4056 τόν
439 3987 561 4069 πατέρα
597 3988 693 4052 αὐτοῦ
729 3987 881 4053 Μνασέαν
915 3986 1070 4061 πολλοίκις
1103 3986 1156 4052 θέτ’
1190 3988 1320 4072 ἔμπορον

151 4107 301 4190 Ἀθήναζε
339 4107 592 4189 παραγίγνεσθαι
624 4106 678 4172 καί
712 4108 820 4173 πολλοὶ
855 4113 915 4174 τῶν
948 4113 1150 4190 Σωκρατικῶν
1185 4109 1320 4188 βιβλίων

149 4226 321 4310 ἀποφέρειν
341 4226 386 4292 έτι
403 4227 489 4292 παιδί
511 4227 573 4292 όντι
592 4229 635 4310 τῷ
652 4227 779 4314 Ζήνωνι,
803 4226 868 4294 όθεν
885 4228 937 4293 καί
961 4229 992 4293 ἐν
1007 4238 1045 4312 σή
1063 4227 1187 4308 πατρίδι
1207 4251 1322 4306 συγκε-

150 4347 313 4426 κροτῆσθαι
346 4347 399 4413 καὶ
432 4345 525 4420 οἷίτιος
552 4346 680 4414 ἐλθόντα
711 4349 752 4421 εἷς
778 4349 910 4425 Ἀθήνας
934 4347 1072 4432 Κροίτήτι
1106 4345 1320 4428 παραβαλεῖν.
