2848 4546
696 285 759 348 118

193 509 333 596 Denique
367 510 399 574 in
430 507 577 596 Diogenis
610 509 725 574 Laertii
759 508 830 575 loeo
863 509 1074 598 supplendum
1101 518 1147 576 est
1175 509 1225 574 τὰ
1246 505 1315 588 περὶ

152 631 294 713 φύσεος,
319 639 355 693 ut
377 627 569 718 subsequens
591 624 629 692 ὧν
654 628 798 697 ostendit.

719 873 758 935 X.

613 1114 858 1171 ΧΡΤΣΙΠΠΟΙ.

205 1353 234 1416 1.
269 1347 478 1434 Chrysippus,
501 1345 635 1411 Stoicus.
654 1347 857 1435 Diogenes
875 1346 992 1414 L.v11.
1017 1346 1202 1412 185-186.
1229 1353 1327 1411 Δοκεῖ

157 1471 183 1535 δ’
204 1467 377 1550 ὑπερόπτης
397 1489 444 1538 τις
475 1464 650 1544 γεγονέναι.
677 1469 822 1530 τοσαῦτα
840 1469 915 1544 γοῦν
939 1465 1135 1547 συγγράψας
1155 1463 1249 1530 οὐδενί
1265 1469 1325 1530 τῶν

160 1587 317 1667 βασιλέοιν
349 1587 617 1669 προσπεφώνηκεν.
651 1589 770 1666 ἠρκεῖτο
807 1611 843 1652 τε
880 1584 995 1669 γρᾳδίιρ
1024 1585 1120 1668 μίνιρ,
1152 1583 1235 1650 aad&
1272 1584 1326 1650 uui

29 1719 53 1740 ⁸
160 1707 335 1788 Δημήτριος
369 1707 399 1769 ἐν
429 1703 600 1782 ὁμωνύμως
634 1705 725 1788 φησί.
766 1704 966 1784 Πτολεμαίου
999 1728 1035 1771 τε
1066 1706 1139 1787 πρὸς
1169 1703 1329 1779 Κλεάνθην

161 1825 396 1898 ἐπιστείλαντος
413 1825 431 1902 ἢ
449 1825 542 1891 αὐτὸν
558 1826 656 1891 ἐλθεῖν
672 1825 689 1902 ἢ
704 1825 832 1907 πέμψαι
845 1824 933 1901 τινσί,
959 1830 1099 1908 Σφαῖρος
1115 1824 1173 1904 μὲν
1187 1824 1328 1916 Ιοἰπιῑλίε,

162 1947 340 2029 Χρύσιππος
375 1945 406 2011 δὲ
434 1946 577 2026 περιεῖδε.
605 1946 901 2027 μεταπεμψάμενος
936 1947 968 2011 δὲ
1003 1946 1074 2018 τοὺς
1103 1951 1159 2020 τῆς
1183 1944 1328 2024 ἀδελφῆς

166 2069 241 2140 υἱεῖς
268 2066 520 2148 Ἀριστοκρέοντα
549 2066 602 2131 καὶ
637 2065 842 2147 Φιλοκράτην,
874 2064 1087 2148 συνεκρίτιρσε.
1121 2063 1174 2128 καὶ
1210 2068 1328 2144 πρῶτος

163 2185 308 2266 ε’θοίρρησε
326 2187 446 2266 σχολὴν
461 2185 546 2267 ἔχειν
564 2183 706 2268 ὕπαιθρον
724 2187 754 2251 ἐν
769 2186 908 2268 Λυκείῳ,
924 2184 1064 2265 καίοίπερ
1083 2182 1135 2247 καὶ
1155 2182 1169 2246 o‘
1190 2206 1329 2266 προειρκ·
1418 2271 1419 2276 ¹

1418 2279 1419 2304 ι

162 2305 251 2383 μένος
276 2306 453 2387 Δημήτριος
478 2307 602 2386 ἱστορεῖ.

206 2424 320 2503 Γέγονε
341 2427 373 2491 δὲ
398 2426 451 2490 καὶ
472 2425 571 2498 ἄλλος
595 2427 774 2508 Χρύσιππος
805 2427 921 2498 Κνίδιος
945 2424 1064 2507 ἱατρός,
1088 2427 1163 2506 παρ’
1180 2418 1214 2487 οὗ
1233 2426 1331 2504 φησιν

163 2544 407 2628 Ἐρασίστρατος
433 2548 475 2618 εἷς
496 2545 539 2610 τοι
554 2545 701 2625 μοίλιστα
719 2547 912 2629 ὠφελῆσθαι.
929 2570 981 2610 και
1004 2542 1103 2627 ἕτερος
1120 2545 1182 2616 υἱὸς
1204 2542 1331 2615 τούτου,

165 2666 272 2748 ἰατρὸς
299 2665 515 2745 Πτολεμαίου,
547 2663 579 2738 ὃς
612 2667 791 2746 διαβληθείς
825 2667 975 2746 περιήχθη
999 2665 1052 2729 καὶ
1079 2664 1333 2744 μαστιγούμενος

164 2782 331 2859 ἐκυλοίσίιι·
372 2783 470 2857 ἄλλος
512 2785 654 2862 μαίντίις
690 2784 954 2870 Ἐρασιστράτου,
996 2784 1051 2848 καί
1088 2807 1135 2855 τις
1172 2780 1333 2862 Γεωργικὰ
1380 2801 1383 2806 ·

170 2903 355 2984 repedet.

216 3019 265 3086 Ob
299 3021 546 3108 Chrysipporum
580 3033 665 3089 certe
698 3025 810 3088 seriem
845 3023 877 3088 in
908 3022 1056 3090 adnotata
1081 3021 1122 3087 ad
1143 3019 1336 3101 Ὀμοινύμιιν

169 3140 324 3206 indiculos
347 3143 488 3228 torqueri
506 3165 570 3208 non
590 3144 703 3230 poterit
714 3143 960 3210 Callimacheum
984 3141 1064 3208 illud
1081 3141 1172 3220 μέγα
1194 3138 1337 3217 βιβλίον,

171 3259 260 3339 μέγα
278 3260 383 3326 κακόν.
430 3262 541 3327 Paucis
563 3264 646 3328 enim
673 3263 725 3329 hie
747 3263 1003 3352 defungendum,
1028 3284 1127 3348 quum
1150 3259 1341 3346 Chrysippus

171 3381 292 3444 curiose
322 3381 556 3467 conquisiverit,
589 3384 840 3469 conquisitusque
870 3382 1075 3448 illustraverit
1099 3379 1221 3445 lonsius
1242 3379 1284 3441 ll.
1308 3399 1339 3463 p.

94 3540 98 3547 -
167 3501 350 3564 tlt-189
374 3510 406 3565 et
426 3524 465 3565 ex
483 3501 604 3581 lonsio,
637 3525 719 3589 quae
742 3501 782 3567 ad
805 3501 993 3588 Chrysippus
1018 3499 1156 3565 medicos
1178 3507 1337 3584 spectant,

174 3620 340 3706 espancis
373 3630 465 3685 aucta
498 3621 532 3685 in
565 3621 753 3710 catalogum
782 3619 973 3686 Medicorum
999 3617 1160 3685 transtulit
1180 3617 1342 3684 Fabricius

173 3740 210 3807 B.
234 3739 290 3806 Gr.
315 3739 399 3804 Xlll.
423 3762 455 3826 p.
481 3742 544 3806 119
567 3763 652 3826 seqq.
700 3741 745 3805 Ne
775 3739 875 3806 multa
908 3739 1010 3805 aliena
1042 3739 1083 3805 ad
1110 3749 1173 3804 tres
1203 3737 1341 3805 medicos

174 3859 392 3938 traherentur,
423 3862 489 3946 ipse
517 3860 693 3925 Demetrius
714 3862 841 3948 Magnes
864 3861 962 3941 cavit,
990 3871 1021 3926 et
1042 3857 1250 3933 memorando
1274 3879 1342 3924 me-

139 4023 144 4034 ·
177 3977 322 4044 dicorum
351 3978 544 4044 nobilissimo
576 3981 779 4060 Erasistrato,
808 3981 841 4045 in
872 4003 935 4068 quo
967 3981 1018 4046 hic
1040 3983 1087 4046 rei
1109 3979 1205 4046 cardo
1234 4000 1341 4044 versa·

177 4107 247 4177 tur,
273 4099 356 4164 olare
378 4098 583 4186 distincteque
605 4098 804 4187 singulorum
823 4111 965 4189 tempora
987 4100 1151 4180 indicavit,
1177 4121 1340 4187 quumque

179 4218 274 4282 ceteri
296 4217 346 4283 hio
369 4220 534 4284 memorati
563 4218 690 4286 aliunde
715 4243 828 4308 parum
851 4224 918 4289 noti
939 4233 1028 4301 suut,
1053 4222 1217 4310 Chrysippi
1240 4219 1339 4284 Cnidii

179 4337 329 4402 inemoria
364 4337 447 4424 apud
477 4339 553 4406 alios
587 4364 713 4430 quoque
743 4355 893 4431 superest.
951 4345 1027 4426 Hie,
1062 4315 1151 4411 ouius
1176 4337 1340 4425 discipline
