2822 4540
677 267 695 332 5

116 487 192 552 enim
214 485 303 564 ubil
325 489 501 568 Μογνησιόι
518 489 747 573 nudedicitur,
770 493 879 559 Cariae
901 491 978 559 urbs
994 491 1164 582 significari
1182 493 1277 569 solet,

115 604 194 671 hand
220 605 313 674 aliter
341 608 367 674 is
396 611 451 696 qui
481 611 659 698 appellatur
680 611 817 692 Μάγνης
845 611 980 680 indidem
1007 612 1160 680 oriundus
1182 612 1275 679 fuisse

115 725 269 810 putandus
291 740 385 810 esset;
410 740 442 795 at
463 729 543 796 nihil
555 741 671 798 temere
694 731 941 812 decernendum,
964 755 1068 819 neque
1090 732 1204 799 desunt
1221 733 1276 819 qui

114 845 194 910 nude
223 845 297 913 dicti
323 847 498 928 Μάγνητες
521 859 627 917 tamen
651 849 690 916 ad
719 852 865 940 Sipylum
883 853 950 918 nati
966 863 1073 932 erant,
1101 862 1137 918 ut
1159 851 1275 930 Cleon,

113 966 282 1034 Simonides
300 967 449 1038 historici.
472 971 542 1057 lpse
560 970 686 1051 Strabo,
711 972 885 1038 concinnus
905 973 930 1038 si
949 973 1019 1059 quis
1036 972 1117 1038 alius
1132 973 1275 1059 scriptor,

112 1085 184 1153 baec
215 1087 393 1155 confudisse
422 1088 562 1156 videtur:
602 1090 680 1157 solet
705 1092 737 1157 in
768 1114 893 1178 quaque
922 1092 1076 1158 nobiliore
1098 1092 1178 1159 urbe
1199 1115 1276 1181 geo·

112 1208 267 1296 graphicis
289 1208 404 1276 addere
427 1212 510 1277 viros
532 1213 707 1278 notissimos
729 1222 784 1279 aut
806 1212 845 1279 de
867 1214 969 1300 patris
991 1215 1108 1301 optime
1130 1215 1273 1293 meritos3

110 1350 171 1393 non
194 1351 305 1396 omnes
326 1330 383 1396 sibi
405 1331 611 1396 recensendos
640 1332 772 1418 sumpsit
793 1331 847 1398 sed
869 1330 1090 1398 celeberrimos
1112 1342 1143 1398 et
1165 1333 1197 1398 in
1220 1355 1276 1398 re-

110 1448 234 1535 publica
262 1461 415 1527 versatos,
445 1451 475 1514 ἐν
503 1446 849 1534 altrinsecarum
878 1451 930 1516 aa)
955 1451 1198 1531 εὐμνημόνευτον
1221 1453 1274 1518 aui

111 1569 161 1643 ἡδὺ
192 1569 363 1650 διατρίβειν
402 1567 526 1658 (Strabo
549 1592 579 1655 p.
608 1569 647 1634 13
672 1569 734 1659 C.).
780 1570 863 1636 Fecit
881 1569 941 1636 hoc
959 1581 991 1636 et
1008 1571 1041 1635 in
1060 1571 1217 1659 Magnesia
1236 1570 1276 1636 ad

110 1689 312 1755 Maeandrum
328 1689 433 1775 ibique
444 1690 583 1776 primum
602 1690 706 1776 posuit
723 1691 909 1778 Hegesiam,
929 1691 1061 1756 Arianae
1080 1690 1277 1777 eloquentiae

111 1820 286 1885 auctorem,
300 1811 420 1875 Atticae
432 1819 661 1897 corruptorem.
674 1809 860 1876 Strabonem
869 1811 966 1876 secuti
974 1811 1276 1899 seripseruntHege-

111 1931 171 1996 siae
185 1929 339 2017 Magnetis
350 1929 485 2014 patriam
503 1929 596 1994 fuisse
615 1928 725 1994 urbem
745 1928 785 1994 ad
796 1928 1017 2009 Maeandrum,
1042 1951 1154 1995 verum
1166 1929 1236 1996 illos
1247 1944 1279 1997 et

112 2049 299 2114 Strabonem
330 2047 494 2138 redarguit
519 2049 584 2137 ipse
606 2049 759 2139 hHegesias
782 2048 875 2115 dese
897 2049 1051 2116 scribens:
1083 2051 1174 2132 „sini
1204 2060 1279 2116 Μοι-

110 2169 241 2248 γνητίοος
268 2169 331 2248 εἰμὶ
355 2175 410 2243 τῆς
434 2168 602 2249 μεγάλης,
627 2168 821 2242 Σιτνλεάς”.
846 2170 1013 2257 Dionysius
1024 2169 1093 2238 Hal.
1111 2168 1162 2261 (de
1174 2192 1277 2257 comp.

112 2288 197 2355 verb.
223 2311 250 2356 c.
276 2287 309 2377 4)
335 2289 418 2354 inter
440 2287 502 2353 alia
524 2288 602 2355 haec
632 2289 764 2377 protulit
787 2298 824 2353 ut
845 2288 996 2376 exemplis
1020 2287 1196 2355 ostenderet
1214 2291 1281 2354 Ile-

111 2410 211 2498 gesiae
234 2431 335 2497 genam
353 2407 511 2474 scribendi
539 2408 633 2474 fuisse
659 2408 892 2491 μικρόκομψον,
925 2418 957 2474 et
985 2431 1024 2474 ex
1053 2407 1163 2474 eodem
1189 2409 1279 2474 nobis

110 2528 212 2615 palam
237 2527 273 2594 fit
299 2550 437 2615 quonam
467 2526 570 2594 studio
597 2537 701 2593 motus
729 2529 876 2616 Hegesias
905 2550 994 2594 suam
1023 2528 1214 2616 Magnesiam
1237 2528 1278 2595 ad

110 2648 271 2737 Sipylum,
296 2647 395 2714 altera
407 2647 503 2736 longe
515 2646 726 2713 obscuriorem
739 2657 771 2712 et
781 2667 838 2733 per
855 2669 888 2711 se
907 2645 1144 2728 inhonoratam,
1165 2646 1279 2714 dixerit

110 2767 301 2848 Μοιγνηοίοιν
324 2770 381 2842 την
402 2766 562 2848 μεγάλην.

151 2889 260 2970 Quum
290 2887 329 2954 de
354 2889 418 2954 vita
440 2887 608 2967 Demetrii,
631 2897 668 2952 ut
691 2885 865 2952 multorum
889 2885 1043 2966 aliorum,
1068 2887 1194 2953 testium
1217 2887 1276 2954 dif-

108 3007 245 3074 ficultate
267 3009 378 3073 notitia
401 3006 441 3073 ad
463 3030 521 3073 nos
543 3008 686 3093 pervenit
708 3005 808 3085 nulla,
834 3028 893 3094 age
915 3007 978 3072 iam
991 3028 1027 3071 ea
1050 3006 1277 3094 aggrediamur

109 3150 189 3213 quac
220 3127 417 3214 potissimum
447 3127 537 3193 nobis
566 3127 730 3193 tractanda
759 3140 847 3206 sunt,
878 3127 973 3210 ipsius
1002 3148 1108 3213 opera.
1154 3129 1276 3193 Horum

108 3247 236 3314 alterius
265 3247 368 3314 solum
399 3246 528 3312 titulum
560 3246 645 3312 solus
672 3246 781 3312 Cicero
811 3245 961 3324 servavit,
986 3243 1115 3310 alterius
1137 3245 1190 3311 alii
1213 3247 1275 3313 alia

107 3369 285 3456 fragmenta
307 3365 468 3454 praebent.

147 3486 291 3569 Ciceroni
320 3484 470 3552 laudatur
498 3484 579 3550 liber
605 3484 673 3567 περὶ
705 3484 867 3565 ὁμονοίας,
902 3484 1051 3572 Dionysio
1075 3487 1091 3562 ἡ
1119 3485 1187 3568 περὶ
1214 3492 1274 3552 τῶν

106 3606 273 3687 ὁμωνύμοιν
295 3603 529 3688 τροογμοιτείοι,
548 3614 579 3672 et
606 3604 645 3671 de
675 3606 839 3692 utriusque
861 3605 963 3692 operis
986 3618 1175 3694 argumento
1197 3606 1277 3673 bene

105 3735 235 3793 constat.
282 3726 392 3791 Cicero
414 3723 526 3810 probat
548 3723 666 3790 librum
687 3723 779 3788 illum
803 3723 870 3805 arpi
891 3723 1030 3803 ὃμοιοιόις
1056 3736 1103 3790 ter
1125 3725 1182 3790 sibi
1205 3725 1274 3791 lan·

105 3846 238 3925 datum,
274 3844 368 3910 fuisse
391 3844 573 3932 argumenti
595 3842 799 3931 philosophici
821 3854 936 3930 atque,
961 3854 997 3910 ut
1030 3844 1081 3910 vel
1113 3868 1154 3911 ex
1183 3846 1276 3912 titulo

105 3964 324 4053 suspicareris,
349 3964 590 4052 disputationem
609 3963 648 4030 de
677 3963 845 4030 concordia
873 3964 1070 4031 continuisse.
1117 3966 1168 4031 Sic
1191 3967 1276 4032 enim

106 4084 192 4172 apud
222 4085 404 4150 Ciceronem
435 4085 589 4172 scriptum
618 4085 812 4149 invenimus:
847 4085 914 4170 (up.
946 4081 987 4148 ad
1015 4083 1079 4149 Att.
1107 4085 1192 4152 Vlll.
1220 4085 1273 4172 11)

107 4204 261 4288 „Memini
283 4202 401 4271 librum
423 4203 478 4271 tibi
500 4203 607 4270 afferri
630 4226 649 4270 a
670 4203 829 4268 Demetrio
854 4203 998 4290 Magnete
1023 4201 1076 4290 (ad
1097 4212 1128 4267 te
1146 4205 1277 4270 missum

107 4323 184 4415 scio)
218 4323 285 4408 rapi
315 4322 474 4405 άμονοίοις,
503 4346 576 4391 enm
600 4321 677 4390 mihi
700 4321 795 4391 velim
819 4322 937 4401 mittas,
962 4319 1048 4390 vides
1071 4343 1166 4408 quam
1198 4345 1276 4389 cau-
