2822 4540
740 251 781 314 10

171 474 280 541 tabant
303 481 352 554 et,
376 481 413 540 ut
434 494 453 538 a
475 473 615 561 Diogene
637 471 762 538 Laerfio
783 472 816 536 in
840 470 993 557 cuiusque
1015 470 1082 538 fere
1094 473 1271 561 philosophi
1284 476 1341 542 vita

171 617 230 660 seu
258 593 344 661 testis
372 594 485 660 citatus
513 613 569 660 seu
595 592 686 658 tacite
708 591 865 658 adhibitus
887 591 963 672 luit,
990 593 1149 680 permulta
1171 594 1211 660 de
1231 618 1340 662 eorum

168 715 233 780 vita
261 722 293 780 et
315 713 461 802 operibus
488 712 706 800 inquisivisset
753 715 821 778 Hoc
850 712 949 801 igitur
978 711 1092 793 dubio,
1123 714 1150 780 si
1181 713 1263 781 forte
1294 717 1342 782 cui

168 834 369 913 inhaerebat,
409 831 550 911 sublato,
580 832 643 898 iam
674 831 777 919 ipsum
807 832 958 898 Demetrii
979 855 1059 920 opus
1081 833 1150 916 περὶ
1174 834 1340 915 ὁμωνύμων

169 954 311 1045 aggressi
322 952 500 1032 videamus,
521 951 576 1038 qui
588 950 707 1018 lactum
719 951 775 1031 sit,
788 960 825 1016 ut
840 949 880 1016 ad
896 951 983 1018 hunc
1001 974 1102 1038 usque
1121 952 1204 1020 diem
1224 955 1341 1040 optima

167 1074 423 1164 fragmentorum
445 1095 518 1160 pars
538 1071 604 1138 fere
624 1070 760 1138 latuerit.
796 1071 953 1136 Nimirum
973 1072 1141 1160 Diogenes,
1166 1073 1342 1162 philosophi

166 1196 249 1262 vitae
271 1194 444 1281 descriptae
466 1193 499 1258 in
522 1191 680 1280 plerisque
702 1191 865 1257 subiunxit
875 1189 1073 1280 catalogum,
1096 1216 1160 1279 quo
1178 1195 1341 1260 continen-

166 1325 221 1382 tur
250 1315 297 1382 illi
324 1314 379 1401 qui
401 1311 586 1400 philosopho
608 1310 647 1377 de
670 1333 734 1399 quo
757 1309 851 1377 modo
873 1320 996 1400 egerat,
1020 1311 1173 1392 ὁμύννμω
1198 1313 1339 1382 fuerunt

165 1434 250 1501 Fecit
271 1433 332 1500 hoc
353 1433 386 1497 in
409 1432 513 1520 prima
530 1453 568 1498 ac
586 1441 700 1518 quarta
718 1430 776 1496 sibi
793 1429 948 1517 descripta
966 1431 1047 1510 vita,
1071 1431 1209 1500 Thaletis
1229 1435 1268 1524 (Ι.
1283 1437 1340 1523 38)
1372 1519 1373 1530 ¹

138 1627 141 1637 ,
166 1575 204 1621 ac
230 1553 342 1620 Pittaci
366 1552 405 1644 (l.
432 1555 451 1619 7
455 1550 506 1642 9),
531 1551 605 1618 fecit
633 1550 715 1616 idem
748 1551 781 1615 in
804 1549 933 1636 reliquis
951 1549 1122 1637 plerisque3
1147 1553 1180 1618 in
1203 1565 1341 1641 utraque

165 1675 271 1763 priore
300 1682 410 1739 testem
440 1671 480 1738 ad
510 1670 689 1751 ὁμωνύμους
718 1669 828 1735 laudat
855 1672 1049 1736 Demetrium
1079 1673 1274 1760 Magnetem,
1310 1676 1339 1740 in

147 1793 367 1881 ,sequentibus
396 1815 463 1858 non
488 1813 613 1858 necesse
635 1788 694 1856 sibi
716 1788 807 1855 duxit
828 1788 868 1855 ad
891 1789 1031 1878 singulas
1053 1791 1148 1856 series
1170 1792 1340 1872 Demetrii,

151 1925 223 2001 *per
251 1922 354 1980 totum
384 1933 463 2000 opus
491 1911 605 1998 passim
637 1909 694 1975 sibi
722 1908 859 1989 laudati,
889 1932 1006 1976 nomen
1041 1933 1209 1998 apponere.
1257 1914 1341 1978 Hinc

163 2032 237 2099 illae
255 2031 432 2120 lacrymae;
463 2032 592 2097 nomine
617 2030 768 2096 Demetrii
797 2029 929 2109 omisso,
954 2053 1018 2096 non
1041 2032 1187 2118 apparuit
1208 2034 1340 2100 cuinam

164 2151 224 2218 hae
254 2152 348 2218 series
370 2151 561 2218 deberentur
583 2150 690 2236 etpvix
712 2171 813 2216 unum
836 2149 1011 2214 alterumve
1034 2151 1217 2238 ceteroquin
1239 2175 1340 2240 egre-

163 2273 253 2361 gium
301 2269 483 2358 exemplum
523 2278 638 2348 exstat,
680 2269 714 2334 in
754 2267 980 2356 distinguendis
1020 2269 1071 2335 vel
1108 2271 1340 2359 coniungendis

164 2392 334 2473 ὁμωνύμως
375 2390 543 2466 Βοιοείτίἰ4
565 2387 742 2478 gravissimi
781 2387 834 2455 htc
866 2389 953 2455 testis
985 2391 1202 2455 auctoritatem
1240 2389 1340 2458 fuisse

163 2512 349 2590 adhibitam
375 2510 451 2596 quin
475 2509 540 2596 ipse
555 2508 680 2574 Jonsius
704 2507 741 2596 (l.
762 2510 794 2578 2.
814 2508 869 2596 3.),
894 2508 948 2594 qui
969 2509 1091 2595 primus
1113 2507 1197 2574 unde
1219 2511 1337 2600 Dioge-

162 2658 218 2700 nes
239 2633 297 2699 hos
318 2629 477 2718 catalogos
506 2639 618 2697 nactus
641 2628 737 2693 fuerit
765 2639 811 2694 est
828 2630 1017 2716 suspicatus,
1042 2652 1079 2696 ac
1098 2629 1339 2718 diligentissime
1371 2609 1372 2664 l

162 2751 340 2833 ὁμωνύμους
370 2773 464 2817 omne
493 2772 595 2838 genus
624 2773 664 2815 ex
693 2748 808 2814 diffusa
836 2749 970 2816 lectione
997 2748 1142 2838 collegit,
1166 2772 1337 2836 nunquam

160 2871 312 2939 Demetrii
333 2870 550 2936 auctoritatem
574 2868 733 2949 adhibuit,
757 2868 811 2935 sed
830 2869 952 2956 saepius
970 2868 1119 2957 neglexit.
1155 2867 1215 2934 llla
1237 2871 1338 2936 Ionsii

160 2991 336 3078 suspicione
347 2989 468 3056 felicius
479 2987 533 3055 sed
553 2988 679 3054 nonnisi
700 2989 799 3054 semel
820 2998 853 3054 et
874 2989 989 3054 iterum
1013 2989 1061 3054 usi
1083 3001 1157 3055 sunt
1178 2989 1338 3068 Ruhnke-

160 3111 250 3188 nius,
281 3108 562 3197 Wyttenbachius,
593 3108 755 3174 Dobraeus
782 3118 813 3174 et
835 3108 965 3174 Carolus
987 3107 1156 3188 lllullerus,
1181 3110 1234 3195 qui
1258 3133 1336 3174 orn-

159 3251 215 3296 nes
235 3251 305 3294 mea
321 3228 448 3316 quidem
467 3227 560 3294 laude
576 3249 641 3294 non
659 3227 810 3314 indigent.
845 3226 997 3312 Mulieres
1015 3226 1055 3292 ad
1071 3228 1136 3313 ipsa
1152 3227 1337 3316 fragmenta

158 3349 385 3416 Historieorum
417 3351 613 3416 Graecorum
649 3347 792 3414 nondum
822 3346 869 3412 his
899 3348 1050 3412 Demetrii
1087 3347 1238 3435 catalogis
1271 3371 1337 3433 pro
1370 3397 1371 3414 ,

157 3468 335 3536 testimonio
356 3491 448 3547 usus,
473 3468 505 3533 in
530 3468 917 3577 qanfragmentorum
940 3465 1101 3531 volumine
1117 3467 1233 3560 p3382
1257 3466 1336 3533 bre·
1370 3517 1371 3542 ,

115 3645 120 3671 ,
156 3591 238 3656 viter
260 3599 292 3656 et
313 3591 424 3656 ceteris
445 3588 591 3655 omnibus
612 3586 805 3654 luculentius
827 3587 858 3650 ἕν
875 3586 997 3667 πωμὸὁῳ
1016 3586 1209 3652 Demetriani
1227 3589 1337 3673 operis
1370 3627 1371 3684 p

113 3722 119 3800 ξ
156 3710 311 3776 rationem
332 3709 493 3796 aperiens,
516 3709 549 3773 in
572 3730 638 3773 uno
660 3706 833 3793 eodemque
855 3729 950 3792 opere
973 3715 1041 3771 tum
1065 3704 1104 3770 de
1126 3706 1337 3793 scriptoribus
1370 3745 1371 3786 i

37 4313 91 4378 f

37 4438 151 4496 fi

155 3841 226 3897 tum
253 3828 293 3896 de
321 3828 453 3896 urbibus
481 3828 682 3916 homonymis
700 3849 775 3892 eum
798 3826 897 3916 egisse
919 3824 1056 3912 scripsit,
1088 3826 1202 3912 quibus
1224 3827 1335 3894 verbis
1370 3841 1371 3916 l

155 3950 295 4031 subiicit,
318 3948 418 4016 videri
438 3949 611 4039 Diogenem
627 3957 752 4014 tantum
780 3969 845 4012 non
870 3945 992 4026 omnia,
1016 3967 1098 4033 quae
1124 3947 1156 4012 in
1179 3947 1243 4013 suis
1265 3946 1334 4014 ho·-
1370 3985 1371 4032 p

154 4070 312 4160 monymis
345 4068 496 4160 catalogis
523 4068 633 4148 habet,
662 4091 702 4134 ex
732 4067 889 4134 Demetrio
918 4075 1100 4134 mutuatum
1126 4091 1202 4135 esse.
1252 4068 1335 4134 Post
1370 4095 1371 4154 p

154 4189 484 4260 edita-Historioorum
507 4191 687 4280 fragmenta
708 4188 740 4254 in
763 4187 1025 4279 Geographorum
1049 4188 1205 4255 Minorem
1228 4187 1332 4254 volu·
1370 4215 1371 4296 p

154 4311 239 4379 mine
261 4311 364 4401 primo
386 4313 467 4402 prol.
487 4335 518 4400 p.
539 4333 647 4380 cxxxv
672 4307 824 4377 Mullerus
850 4307 982 4376 ostendit
1006 4331 1070 4376 uno
1095 4307 1240 4396 exemplo
1271 4307 1330 4398 (of.
1370 4297 1371 4312 ¹
