2822 4540
674 280 694 345 3

101 502 188 581 aC.,
215 525 310 589 seque
341 505 517 570 meminisse
539 503 625 570 addit
647 505 841 569 Demetrium
868 525 960 568 suum
984 503 1100 570 librum
1124 504 1164 569 ad
1186 505 1265 571 Atti-

101 645 172 688 cum
195 623 334 705 mittere;
366 649 405 690 ex
427 625 475 692 bis
498 624 599 690 verbis
627 634 757 711 apparet
779 647 853 689 eum
876 623 969 690 fuisse
981 625 1155 734 aequalem
1179 627 1266 692 Cice·

99 742 183 807 runis
207 753 238 808 et
225 743 353 809 tllttici
375 755 407 810 et
428 744 523 809 huius
545 744 682 809 amicum
703 766 829 831 quoque
848 766 885 808 ac
904 721 1092 810 familiarem
1110 741 1237 811 fuisse
1226 769 1266 812 ex

98 861 159 928 illis
180 841 346 930 Ciceronis
349 833 459 930 verbis
480 863 566 930 haud
588 864 836 951 improbabiliter
859 866 1004 951 suspicati
1027 875 1110 932 sunt.
1157 867 1266 952 Neque

97 981 199 1048 solum
222 983 254 1048 id
276 985 437 1070 suspicari,
460 985 514 1052 sed
537 985 641 1052 valido
660 996 849 1074 argumento
871 985 1005 1072 probare
1029 985 1101 1051 lieet
1123 1008 1180 1071 per
1202 987 1266 1051 La-

81 1089 155 1167 'tini
176 1105 329 1172 sermonis
353 1128 455 1173 usum.
504 1105 655 1174 Videlicet
684 1128 784 1192 quum
811 1106 919 1170 Cicero
942 1105 985 1171 ait
1008 1106 1202 1170 Demetrium
1225 1106 1266 1171 ad

96 1224 236 1290 Atticum
259 1224 376 1291 misisse
405 1247 499 1291 suum
522 1225 657 1304 librum,
682 1247 719 1290 ea
742 1225 975 1311 opportunitate
998 1248 1055 1290 nos
1078 1225 1169 1290 docet
1190 1249 1264 1290 eum

95 1344 153 1410 ista
187 1345 293 1410 Attico
326 1345 515 1431 inscripsisse
549 1368 604 1410 seu
639 1343 812 1424 dedicasse,
848 1368 911 1432 qua
941 1345 980 1410 de
1010 1368 1045 1410 re
1076 1368 1177 1410 unum
1207 1369 1266 1412 nec

93 1462 192 1552 longe
214 1465 347 1551 petitum
375 1464 556 1551 exemplum
583 1466 731 1530 afferam:
762 1466 827 1552 ipse
849 1466 959 1531 Cicero
982 1464 1125 1530 libellum
1148 1464 1187 1530 de
1209 1468 1264 1532 Se·

92 1594 222 1650 nectute
252 1585 354 1652 llttieo
383 1586 539 1672 inscripsit
558 1596 589 1650 et
611 1585 727 1652 idcirco
749 1597 856 1673 postea
878 1609 1067 1651 enumerans
1090 1607 1186 1673 opera
1208 1607 1265 1650 sua

94 1703 311 1792 philosophica
340 1703 434 1770 dixit:
467 1707 680 1788 „Interiectus
709 1716 756 1772 est
777 1708 870 1772 etiam
894 1729 997 1793 nuper
1020 1706 1099 1772 liber
1121 1707 1147 1772 is
1169 1729 1263 1794 quem

92 1824 132 1890 ad
157 1834 303 1892 nostrum
323 1825 463 1891 Atticum
482 1824 521 1891 de
539 1828 706 1891 Senectute
725 1826 885 1891 misimus”
908 1825 983 1914 (cic.
996 1826 1035 1892 de
1047 1827 1148 1892 Divin.
1162 1828 1202 1893 ΙΙ.
1219 1827 1262 1912 1).

92 1946 129 2010 lu
155 1943 213 2010 tali
235 1967 271 2010 re
300 1944 446 2011 dicebant
472 1955 540 2010 aut·
555 1944 595 2010 ad
625 1945 849 2031 aliquem-aut
871 1946 966 2010 alicui
989 1946 1112 2012 mittere
1136 1944 1261 2011 librum.

93 2064 213 2154 (Varro
235 2063 334 2132 dell.
357 2067 397 2132 R.
421 2068 447 2133 l.
474 2065 516 2155 1).

135 2185 218 2251 Cum
248 2185 425 2251 testimonio
447 2186 604 2252 Ciceronis
634 2187 688 2272 qui
718 2186 803 2252 solus
826 2209 865 2251 ex
887 2187 1003 2252 Latinis
1024 2187 1175 2274 Demetrii
1196 2209 1262 2252 me·

91 2305 229 2370 moriam
268 2305 420 2384 servavit,
452 2305 661 2372 conferendus
696 2316 742 2371 est
770 2306 951 2412 Dionysius
974 2305 1261 2373 Halicarnassensis.
1334 2367 1338 2376 .

88 2423 142 2492 hic
166 2425 316 2490 Cicerone
339 2434 370 2490 et
391 2425 550 2490 Demetrio
572 2427 615 2490 ita
636 2426 742 2491 iunior
765 2435 929 2490 uteorum
948 2405 1093 2490 extrema
1118 2433 1262 2510 tempora

88 2545 246 2634 attigerit,
271 2545 416 2632 queritur
436 2545 468 2609 in
493 2543 574 2610 libro
597 2545 635 2609 de
656 2544 815 2610 Dinarcho
835 2545 918 2632 quod
943 2542 1026 2630 apud
1055 2542 1181 2609 nullum
1204 2565 1262 2608 an·

89 2665 267 2753 tiquiorum
290 2663 405 2752 quide
427 2665 537 2730 Atticis
562 2665 738 2730 oratoribus
760 2675 913 2754 egerunt,
936 2677 973 2728 nt
998 2662 1208 2728 Callimachus
1230 2673 1262 2727 et

87 2785 297 2872 Pergameni,
329 2793 413 2849 recte
434 2783 510 2871 quid
540 2783 578 2849 de
601 2764 759 2850 Dinarcho
785 2785 936 2871 scriptum
960 2765 1096 2862 viderit,
1113 2781 1261 2870 quodque

87 2905 270 2970 Demetrius
302 2905 431 2991 Magnes
466 2904 549 2968 visus
583 2903 697 2968 diserta
731 2903 885 2989 quaedam
919 2901 970 2968 hie
1001 2901 1173 2968 traditurus
1195 2924 1260 2966 esse

57 3091 59 3102 ,
87 3025 175 3091 hanc
197 3023 376 3109 opinionem
403 3033 483 3088 esset
513 3023 692 3088 frustratus.
739 3025 791 3088 Sic
820 3024 903 3088 enim
935 3021 1075 3108 loquitur
1094 3021 1260 3107 Dionysius

90 3143 145 3234 (de
169 3140 328 3208 Dinarcho
350 3139 380 3229 1)
407 3141 521 3224 „uitari
539 3144 714 3224 Δημήτριος
743 3143 797 3232 (ita
817 3141 943 3208 tandem
961 3142 1117 3208 scribatur
1132 3152 1169 3206 ut
1184 3141 1259 3206 scri·

85 3261 232 3328 bendum
255 3283 319 3326 esse
344 3283 403 3347 pro
427 3271 576 3349 corrupta
598 3261 700 3326 forma
723 3269 832 3338 Δῆμος
858 3262 978 3347 primus
1001 3261 1123 3326 monuit
1144 3261 1260 3327 Caseu-

84 3379 205 3469 bonus)
232 3380 246 3444 o‘
270 3381 425 3462 Μάγνης,
458 3379 488 3454 ὃς
514 3381 598 3460 ἔδοξε
630 3382 773 3460 γενέσθαι
798 3383 972 3462 nonnionem
998 3381 1028 3445 ἐν
1048 3389 1087 3464 τῇ
1107 3380 1174 3462 περὶ
1200 3385 1260 3446 τῶν

84 3499 259 3580 ὁμωνύμων
283 3502 493 3586 πραγματείᾳ
516 3501 617 3581 λέγων
643 3501 695 3566 aa>
730 3500 797 3584 περὶ
836 3501 945 3566 τούτων
974 3506 1028 3566 τοῦ
1066 3500 1171 3581 ἀνδρὸς
1204 3499 1257 3564 aul

85 3621 250 3704 ὑπόληψιν
270 3626 446 3704 παρασχὼν
472 3625 511 3696 ὥς
534 3623 601 3702 περὶ
628 3626 724 3688 abaci
751 3623 846 3702 λέξων
868 3648 898 3688 τι
933 3624 1061 3704 ἀκριβὲς
1094 3619 1258 3702 διεψεύσθη

83 3749 144 3815 τῆς
159 3740 285 3818 atzar&
311 3743 396 3807 Haec
416 3741 510 3806 verba
527 3765 592 3808 non
611 3743 677 3807 sine
695 3743 870 3808 acrimonia
887 3740 1022 3828 quadam
1041 3741 1140 3820 dicta,
1165 3740 1260 3805 simul

84 3861 260 3928 ostendunt
285 3862 480 3927 Demetrium
510 3861 603 3927 luisse
626 3862 731 3927 virum
756 3885 873 3951 magna
903 3836 1062 3927 doctrinae
1084 3858 1179 3926 laude
1200 3857 1259 3922 flo-

83 3993 230 4063 rentem,
255 3992 287 4048 et
297 3983 473 4070 Dionysius,
498 3983 646 4048 continuo
665 3983 731 4069 ipsa
752 3981 901 4046 Demetrii
923 3980 1019 4045 verba
1037 3979 1076 4044 de
1097 3977 1261 4044 Dinarchis
1371 3971 1372 4048 l

1371 4067 1372 4088 ι

84 4103 306 4190 subiungens,
325 4102 448 4190 insigne
475 4102 565 4168 nobis
594 4102 730 4166 servavit
751 4102 966 4188 fragmentum
988 4110 1020 4164 et
1042 4101 1136 4164 totins
1158 4097 1262 4186 operis

85 4222 293 4309 specimenin
305 4222 415 4309 paucis
437 4221 652 4302 luculentum;
677 4229 840 4308 praeterea
861 4219 1027 4306 Dionysius
1045 4217 1083 4283 de
1102 4217 1262 4282 Demetrio
1371 4249 1372 4306 p

84 4343 151 4410 iam
175 4352 307 4411 mortuo,
331 4343 457 4410 locutus
473 4351 539 4422 est,
559 4350 595 4406 ut
621 4339 683 4408 loci
706 4339 795 4406 color
815 4349 847 4405 et
868 4339 924 4405 illa
946 4337 976 4412 ὃς
1003 4335 1086 4415 ἔδοξε
1115 4335 1259 4416 γενέσθαι
1371 4381 1372 4402 2

1038 4454 1083 4500 ιιι
