2848 4546
635 319 677 384 83

73 555 173 612 aetate
196 552 399 630 supererant,
435 541 526 608 Plato
555 541 696 626 Cyrenas
728 539 890 607 audiverat
927 544 1028 632 (Diog.
1061 545 1095 612 L.
1122 546 1179 612 111.
1209 546 1241 634 6)

74 688 212 751 eumque
227 665 260 729 in
283 663 383 729 tribus
405 660 552 750 dialogis,
576 659 729 739 Politice,
753 660 911 748 Sophista,
935 662 1101 730 Theaeteto
1113 663 1245 752 loquen-

73 796 137 852 tem
157 784 289 850 induxit.
314 783 354 850 cl.
379 784 496 850 Groen.
517 783 645 868 Prosop.
670 780 750 849 Plat.
775 804 806 868 p.
833 783 907 850 190.
932 794 964 848 et
986 784 1091 854 Cobet.
1116 786 1243 872 Prosop.

72 904 217 992 Xenoph.
242 928 274 992 p.
299 904 353 970 32.

116 1025 277 1106 τὲτωρτος.
319 1023 420 1088 liuius
447 1022 574 1089 aliunde
603 1022 703 1111 ignoti
737 1021 817 1086 liber
847 1031 1042 1087 memoratur
1072 1021 1103 1086 in
1129 1021 1244 1088 Suidae

72 1146 234 1234 farragine
256 1167 287 1214 v.
312 1143 462 1226 Θεόδωρος
486 1143 579 1209 titulo
600 1143 676 1209 hoc:
708 1143 777 1224 arpi
804 1149 863 1207 τῶν
890 1144 920 1207 ἕν
945 1148 1065 1226 φωνωῖς
1094 1143 1245 1225 ζητουμέ-

72 1289 128 1330 νων
151 1264 271 1344 βιβλίων
297 1265 341 1343 γ’.
388 1262 468 1328 lllale
497 1262 609 1327 Suidas
640 1285 677 1326 ee
707 1262 817 1327 tribuit
839 1261 1002 1328 Theodoro
1025 1261 1204 1343 Gadaren03
1230 1263 1244 1325 ὃ

72 1383 248 1466 Psimada,
274 1384 329 1470 qui
354 1380 542 1468 discipulum
566 1403 658 1446 suum
675 1380 852 1460 Tiberium,
876 1382 970 1446 etiam
989 1404 1142 1468 puerum,
1167 1381 1245 1447 adeo

71 1503 152 1569 bene
174 1503 278 1584 novit,
304 1512 339 1568 ut
361 1525 435 1568 eum
459 1502 557 1578 πηλὸν
581 1498 695 1579 ωἵμωτν
722 1502 941 1584 πεφυραμένον
964 1500 1081 1567 diceret
1102 1502 1243 1592 (Sueten.

70 1624 140 1690 Tib.
160 1622 241 1712 57),
266 1623 371 1688 iunior
404 1623 464 1688 fuit
499 1632 534 1686 ut
564 1643 583 1686 a
613 1621 772 1686 Demetrio
805 1623 949 1709 Magnete
983 1633 1243 1710 cognosceretur,

70 1743 191 1810 nedum
210 1744 292 1809 inter
311 1743 490 1822 ὁμωνύμους
518 1741 684 1828 scriptores
707 1741 910 1827 reciperetur.
942 1741 990 1806 Ab
1012 1742 1060 1807 hie
1082 1742 1165 1807 enim
1190 1764 1246 1807 ca-

69 1863 186 1950 talogis
208 1863 321 1929 absunt
342 1885 412 1928 non
430 1862 533 1927 solum
556 1860 723 1926 Gadareno
746 1860 909 1947 aequales,
933 1873 970 1926 ut
990 1860 1164 1927 Archelaus
1187 1884 1244 1926 rex

70 1993 104 2048 et
138 1984 293 2071 Diogenes
327 1981 574 2071 grammaticus,
609 2003 628 2045 a
661 1979 801 2059 Tiberio,
846 2003 939 2066 quem
973 1979 1076 2044 Rhodi
1110 1979 1244 2058 luserat,

71 2105 194 2170 Romae
216 2113 323 2188 postea
346 2101 432 2166 lusus
469 2102 568 2185 (Suet.
599 2100 665 2168 Tib.
699 2099 775 2189 23),
810 2099 864 2165 sed
893 2110 924 2164 et
954 2098 1002 2163 his
1023 2099 1184 2188 gmaiores,
1209 2109 1246 2164 nt

72 2223 161 2286 Zeno
184 2220 377 2287 Laodicensis
401 2230 523 2300 orator,
548 2219 673 2307 aliique.

121 2338 279 2419 πέμπτος.
317 2340 474 2422 Quartum
506 2338 707 2404 Theodorum
739 2340 895 2407 musicum
926 2342 1041 2428 excipit
1066 2341 1147 2408 alter
1173 2364 1244 2407 mu-

70 2460 165 2526 sicus.
212 2457 397 2524 Huiusmodi
431 2458 520 2538 libri,
555 2457 682 2544 qualem
716 2459 767 2524 hic
796 2460 884 2540 fecit,
920 2462 1008 2527 fuere
1040 2463 1122 2528 inter
1145 2462 1245 2528 fontes

71 2579 234 2646 Plutarchi
264 2579 381 2645 librum
408 2578 446 2644 de
472 2579 589 2644 Musica
618 2579 787 2646 scribentis.
834 2579 1015 2646 Theodorus
1042 2605 1132 2647 orsus
1152 2592 1240 2646 esta

70 2698 256 2786 Terpandro
266 2699 393 2778 Lesbio,
415 2699 470 2784 qui
493 2697 743 2785 pulcherrimum
761 2701 879 2766 musico
890 2724 1004 2766 nomen
1016 2701 1150 2779 habens,
1175 2710 1245 2787 post

72 2819 245 2884 Homerum
280 2828 312 2883 et
345 2828 417 2884 ante
446 2817 674 2884 Archilochum
701 2820 826 2898 vivens,
862 2821 958 2905 (Plut.
990 2820 1028 2886 de
1051 2823 1129 2887 ltlns.
1153 2844 1180 2889 c.
1206 2820 1239 2910 5)

70 2938 192 3024 primus
224 2938 364 3003 musicen
394 2938 426 3002 in
457 2948 557 3003 artem
581 2938 740 3027 redegerit
762 2951 792 3004 et
816 2941 1048 3026 antiquissimus
1081 2941 1238 3018 uopoaoco'e

72 3055 177 3123 fuerit.
222 3058 298 3121 Erat
330 3057 527 3138 νωθωρωδνκῶν
548 3059 676 3133 ποιητὴς
706 3058 803 3137 νόμων
850 3059 944 3148 (Plut.
980 3083 1007 3126 c.
1043 3059 1077 3147 3)
1114 3060 1243 3145 eiusque

73 3175 234 3258 κνθωρωδίω
253 3175 480 3263 simplicissima
498 3177 641 3241 servabat
660 3177 716 3243 has
735 3177 862 3266 regulas
873 3177 989 3244 idcirco
1004 3179 1110 3258 νόμους
1127 3179 1240 3258 dictas,

72 3295 176 3368 ἐπειδὴ
206 3298 260 3360 οὐκ
289 3295 360 3374 ἐξῆν
389 3295 573 3376 πωρωβῆνων
598 3297 665 3360 aad*
691 3294 822 3363 ἕκαστον
846 3307 1059 3378 νενομισμένον
1083 3295 1160 3370 εἶδος
1184 3305 1241 3373 τῆς

71 3413 202 3487 τάσεως.
242 3414 338 3504 (Plut.
363 3437 389 3481 c.
415 3413 462 3504 6).

116 3532 234 3606 drusos.
270 3533 364 3620 Apud
387 3532 550 3599 Platonem
574 3535 692 3601 ironice
713 3535 938 3616 λνγνδωίδωλνς
959 3547 1099 3605 vocatur.
1124 3536 1240 3603 chlllc·

71 3653 203 3741 nagium
237 3652 278 3718 ad
311 3651 343 3717 h.
367 3652 389 3721 l.
424 3655 590 3720 Erneetum
624 3657 656 3720 in
691 3655 790 3724 Orell.
819 3656 933 3723 Onom.
964 3682 994 3745 p.
1020 3659 1102 3737 580,
1133 3659 1240 3723 Groen

72 3773 199 3857 Prosop.
223 3771 293 3837 Plat
314 3795 345 3859 p.
373 3774 446 3840 111.
482 3775 636 3840 Confusus
659 3786 705 3841 est
728 3776 759 3841 in
783 3777 883 3842 Geelii
908 3779 944 3844 H.
965 3779 1016 3843 Cr.
1036 3777 1130 3864 Soph.
1151 3801 1182 3864 p.
1198 3779 1239 3841 11

72 3916 145 3958 cum
167 3890 331 3957 Theodoro
353 3893 531 3980 Cyrenaeo,
556 3895 595 3960 ad
608 3918 702 3980 quem
727 3895 892 3962 referenda
904 3908 978 3962 sunt
995 3897 1132 3962 Platonis
1145 3897 1239 3962 verba

71 4013 103 4078 in
125 4010 292 4077 Theaeteto
314 4035 345 4099 p.
372 4013 436 4077 114
459 4027 489 4078 et
514 4015 617 4081 1230.

114 4130 254 4204 δέκωτνς.
296 4133 354 4198 llic
395 4132 593 4219 praecedenti
636 4132 717 4199 forte
755 4134 861 4198 iunior
910 4156 1008 4219 quum
1054 4156 1092 4198 eo
1138 4133 1238 4200 multo

70 4249 232 4318 obscurior
265 4251 342 4333 fuit,
377 4253 554 4319 Demetrius
588 4252 737 4319 laudabat
769 4251 983 4332 Aristotelem,
1019 4253 1108 4318 cuius
1141 4275 1236 4339 opus,

71 4372 218 4452 ἐπιτομὴν
242 4377 300 4438 τῶν
325 4371 452 4455 ῥητόρων
475 4373 526 4440 hic
549 4372 684 4453 dictum,
716 4372 948 4441 Grtfenhenius
971 4376 985 4438 1
1008 4373 1084 4438 495.
1108 4375 1149 4441 ll.
1175 4375 1239 4440 203
