2848 4546
693 299 733 363 67

131 533 174 587 ut
199 523 349 588 Demetrii
378 523 530 610 Magnetis
559 521 723 602 indicavit,
756 533 787 588 et
816 523 876 588 hoc
903 545 1001 588 unum
1027 534 1110 590 recte
1134 523 1297 588 sehabet:

130 641 320 706 Plutarchus
352 665 409 728 per
443 643 618 723 Δημήτριος
653 643 704 708 hic
733 642 858 708 nullum
889 645 947 707 nisi
979 645 1173 732 Magnetem,
1205 666 1300 730 quem

130 759 225 826 modo
243 759 443 840 laudaverat,
467 762 636 856 significat,
661 761 746 848 quod
766 762 1079 841 Pseudo-Plutarchi,
1100 762 1184 848 apud
1204 787 1298 848 quem

130 879 215 945 solus
237 881 414 946 Demetrius
430 883 558 970 Magnes
574 883 657 948 testis
674 883 804 961 citatur,
829 881 926 948 verba
941 881 979 947 de
998 881 1113 947 Archia
1132 893 1163 946 et
1182 883 1298 946 Anaxi-

131 1022 227 1064 mene
245 999 442 1066 confirmant.
466 1039 512 1050 -
534 1003 578 1066 De
601 1001 717 1067 Archia
732 1001 850 1067 confer.
872 1004 901 1065 M
905 1001 995 1068 uller.
1008 1003 1040 1066 F.
1055 1004 1093 1066 H.
1106 1002 1162 1067 Gr.
1182 1001 1298 1065 11150.

175 1121 391 1186 Demosthenis
419 1132 554 1186 mortem
582 1132 797 1186 narraverunt
826 1120 1052 1199 Demochares,
1084 1121 1151 1186 eius
1173 1121 1302 1207 propin-

131 1262 213 1327 quus
238 1239 375 1326 (Muller.
399 1242 431 1307 F.
445 1243 483 1305 H.
496 1242 552 1308 Gr.
577 1244 606 1307 ll
631 1244 730 1326 448),
756 1239 980 1320 Philochorus,
1005 1243 1153 1329 Satyrus,
1178 1243 1301 1305 Eratos-

130 1359 239 1426 thenes
263 1370 295 1425 et
317 1359 522 1439 ταμσολνισι,
547 1385 683 1447 quorum
707 1361 888 1427 discrimina
910 1363 972 1426 iam
992 1360 1180 1426 Plutarchus
1201 1359 1301 1449 (Dem.

130 1479 186 1569 30)
225 1502 414 1566 componere
455 1481 639 1567 desperavit.
697 1484 738 1547 Ut
779 1481 942 1547 Phocionis
976 1503 1060 1548 mors
1094 1481 1133 1546 ad
1167 1481 1303 1545 Socratis

129 1599 313 1686 exemplum
336 1611 505 1680 narratur,
524 1603 573 1666 sic
595 1601 810 1667 Demosthenis
833 1601 928 1666 verba
946 1605 979 1666 οὐ
996 1601 1147 1682 σωτηρίας
1161 1599 1301 1678 δεόμενος

130 1720 315 1802 κατέφυγον
353 1723 396 1792 εἷς
434 1721 650 1801 Καλαύρειαν,
689 1722 766 1785 ἀλλ’
799 1723 837 1793 ὥς
868 1720 1005 1798 ἐλέγξων
1037 1718 1224 1790 Μακεδόνας
1249 1719 1302 1783 καὶ

130 1839 217 1904 κατα
245 1839 348 1925 (Phot.
372 1840 425 1905 καὶ
448 1840 503 1928 τα)
524 1847 583 1906 τῶν
606 1843 676 1906 θεῶν
702 1840 931 1918 βιασαμένους,
957 1841 989 1906 in
1008 1841 1192 1904 memoriam
1212 1861 1302 1904 revo-

131 1970 205 2025 cant
234 1959 289 2024 illa
319 1959 521 2025 Theramenis
546 1963 639 2048 (Xon.
663 1959 772 2046 Heli).
809 1962 893 2025 Haec
921 1961 1027 2023 omnia
1053 1969 1084 2022 et
1111 1959 1224 2024 acerba
1246 1957 1302 2022 illa

131 2077 347 2142 Demosthenis
369 2077 452 2142 dicta
474 2079 506 2142 in
528 2077 685 2156 Archian,
710 2101 791 2164 quae
813 2078 1001 2144 Plutarchus
1023 2079 1111 2142 Dem.
1129 2079 1181 2142 29.
1203 2075 1302 2142 fiden-

132 2207 181 2260 ter
210 2207 334 2274 narrat,
370 2197 403 2260 in
438 2189 641 2262 traditionum
672 2220 807 2262 numero
836 2209 909 2262 suut
936 2197 1093 2276 habenda;
1127 2197 1180 2262 sed
1209 2196 1303 2263 fidem

132 2325 260 2400 superat
293 2315 534 2382 Demosthenem
567 2339 604 2381 ea
638 2327 820 2402 tempestate
854 2318 1050 2404 epigramma
1079 2317 1111 2382 in
1142 2341 1174 2381 se
1199 2317 1302 2403 ipsum

130 2435 302 2522 scripsisse;
329 2435 404 2523 quid
429 2447 533 2501 autem
557 2438 752 2502 Demetrium
775 2439 951 2524 Magnetem
974 2436 1150 2522 impulerit,
1168 2445 1205 2500 ut
1223 2436 1301 2501 haec

130 2555 285 2634 traderet,
306 2555 410 2621 dicere
421 2557 483 2621 iarn
497 2554 639 2636 difficile3
661 2579 855 2643 quamquam
866 2558 899 2621 in
912 2555 971 2621 hac
983 2555 1164 2620 difficultate
1177 2556 1301 2620 testium

129 2698 193 2740 non
217 2675 334 2741 idcirco
355 2677 514 2742 Demetrio
537 2677 700 2764 ingenium
725 2677 871 2740 obtusum
895 2676 1080 2752 tribuimus,
1105 2687 1210 2738 tamen
1230 2675 1300 2758 qui-

128 2817 256 2881 cunque
285 2794 317 2859 in
346 2806 434 2860 tanta
464 2796 599 2883 caligine
629 2819 732 2881 neque
762 2797 866 2882 inepte
893 2797 1023 2861 laudare
1045 2818 1148 2881 neque
1170 2818 1299 2882 carpere

129 2915 268 3000 aliquem
303 2912 393 2993 velit,
428 2915 454 2979 is
487 2937 551 2980 non
582 2927 700 2981 temere
731 2916 921 3002 obloquatur
952 2915 1121 2980 Plutarcho
1141 2916 1231 2985 Dern.
1255 2915 1298 2980 30

128 3034 260 3100 dicenti:
297 3085 314 3116 „
326 3036 366 3097 Οἱ
397 3034 460 3114 γὰρ
483 3037 576 3100 αὐτὸν
603 3038 655 3100 τὸν
680 3037 876 3114 Δημοσθένην
900 3042 990 3102 τοῦτο
1017 3038 1063 3125 (τὸ
1090 3035 1297 3120 ἐπίγραμμα)

129 3162 256 3229 ποιῆσαι
287 3154 433 3233 λέγοντες
460 3156 490 3218 έν
519 3159 700 3239 Καλαυρείᾳ
725 3159 887 3235 μέλλοντα
912 3157 946 3221 τὸ
970 3156 1139 3238 Φάρμακον
1163 3155 1296 3235 προςΦέ-

129 3276 249 3356 ρεσθαι,
274 3274 383 3356 κομιδῇ
407 3278 610 3355 φλυαροῦσιν.

505 3514 509 3522 ’
594 3523 839 3580 ΔΙΟΓΕΝΕΙΣ.

174 3755 378 3842 Diogenes
400 3757 433 3821 L.
460 3757 512 3823 Vl.
538 3757 590 3821 81.
627 3755 779 3833 Γεγόνασι
805 3757 836 3820 δὲ
862 3756 1019 3833 Διογένεις
1037 3755 1143 3820 πέντε·
1163 3756 1295 3832 πρῶτος,

129 3875 403 3950 Ἀτισλλονέατκς,
436 3875 580 3958 Φυσικές·
605 3877 689 3956 ἀρχῆ
717 3877 742 3941 δ’
768 3877 851 3957 αὐτῷ
877 3880 931 3940 τοῦ
957 3873 1212 3955 συγγράμματος
1235 3871 1298 3948 ἥδε·

130 3993 261 4079 ,,Λο’νοο
295 3997 411 4068 παντὸς
443 3995 615 4077 ἀρχόμενον
650 3997 745 4061 δοκέει
781 4020 833 4075 μοι
866 3998 964 4077 χρεὼν
999 3991 1077 4062 εἶναι
1113 3994 1168 4068 τὴν
1197 3993 1298 4073 ἀρχὴν

128 4117 417 4199 ἀναμφισβήτητον
452 4116 682 4198 ταρέχεσέαι”.
713 4116 850 4197 δεύτερος
880 4117 894 4180 ν’
922 4118 1103 4187 Σικυώνιος,
1129 4115 1142 4178 ὁ
1168 4110 1298 4192 γράψας

132 4235 352 4325 (aamercort)
376 4236 419 4301 ari
443 4236 510 4317 περὶ
537 4234 780 4310 Πελοπόννησον
805 4237 905 4316 τριτὸς
929 4235 1022 4306 αὐτὸς
1038 4228 1136 4304 οὗτος·
1153 4230 1300 4309 τέταρτος

128 4354 268 4430 στωικός,
285 4356 372 4436 γένος
389 4359 575 4430 Σελευκεύς,
593 4355 606 4420 ὃ
622 4356 674 4421 καὶ
688 4355 884 4434 Βαβυλώνιος
901 4354 1090 4432 καλούμενος
1103 4348 1220 4422 διατέμ
1235 4371 1302 4426 γει-

1078 4468 1095 4512 ᾔ
1106 4467 1122 4502 D

1351 4479 1407 4512 A
