<?xml version="1.0" encoding="UTF-8"?>
<!DOCTYPE html PUBLIC "-//W3C//DTD XHTML 1.0 Transitional//EN"
    "http://www.w3.org/TR/xhtml1/DTD/xhtml1-transitional.dtd">
<html xmlns="http://www.w3.org/1999/xhtml" xml:lang="en" lang="en">
 <head>
  <title>
</title>
<meta http-equiv="Content-Type" content="text/html;charset=utf-8" />
  <meta name='ocr-system' content='tesseract 3.04.00' />
  <meta name='ocr-capabilities' content='ocr_page ocr_carea ocr_par ocr_line ocrx_word'/>
</head>
<body>
  <div class='ocr_page' id='page_1' title='image "./dedemetriomagne00schegoog_0109.png"; bbox 0 0 2848 4546; ppageno 0'>
   <div class='ocr_carea' id='block_1_1' title="bbox 718 297 758 362">
    <p class='ocr_par' dir='ltr' id='par_1_1' title="bbox 718 297 758 362">
     <span class='ocr_line' id='line_1_1' title="bbox 718 297 758 362; baseline 0 0"><span class='ocrx_word' id='word_1_1' title='bbox 718 297 758 362; x_wconf 81' lang='lat'>98</span> 
     </span>
    </p>
   </div>
   <div class='ocr_carea' id='block_1_2' title="bbox 155 517 1418 2764">
    <p class='ocr_par' dir='ltr' id='par_1_2' title="bbox 156 517 1418 2042">
     <span class='ocr_line' id='line_1_2' title="bbox 157 517 1328 608; baseline -0.005 -18"><span class='ocrx_word' id='word_1_2' title='bbox 157 525 225 590; x_wconf 88' lang='lat' dir='ltr'>Non</span> <span class='ocrx_word' id='word_1_3' title='bbox 255 541 378 608; x_wconf 79' lang='lat' dir='ltr'><strong>semper</strong></span> <span class='ocrx_word' id='word_1_4' title='bbox 407 528 527 607; x_wconf 77' lang='lat' dir='ltr'>poetas,</span> <span class='ocrx_word' id='word_1_5' title='bbox 558 517 662 584; x_wconf 87' lang='lat' dir='ltr'>soluta</span> <span class='ocrx_word' id='word_1_6' title='bbox 692 519 834 584; x_wconf 87' lang='lat' dir='ltr'>oratione</span> <span class='ocrx_word' id='word_1_7' title='bbox 866 517 1000 584; x_wconf 88' lang='lat' dir='ltr'>scribere</span> <span class='ocrx_word' id='word_1_8' title='bbox 1023 539 1203 607; x_wconf 79' lang='lat' dir='ltr'>aggressos,</span> <span class='ocrx_word' id='word_1_9' title='bbox 1235 540 1328 608; x_wconf 88' lang='lat' dir='ltr'>prae·</span> 
     </span>
     <span class='ocr_line' id='line_1_3' title="bbox 157 637 1329 730; baseline -0.004 -20"><span class='ocrx_word' id='word_1_10' title='bbox 157 656 256 723; x_wconf 88' lang='lat' dir='ltr'>stare,</span> <span class='ocrx_word' id='word_1_11' title='bbox 277 640 407 730; x_wconf 81' lang='lat' dir='ltr'><strong>Virgilii</strong></span> <span class='ocrx_word' id='word_1_12' title='bbox 429 638 574 726; x_wconf 85' lang='lat' dir='ltr'>exemplo</span> <span class='ocrx_word' id='word_1_13' title='bbox 593 639 727 704; x_wconf 85' lang='lat' dir='ltr'>ostendit</span> <span class='ocrx_word' id='word_1_14' title='bbox 744 639 923 727; x_wconf 87' lang='lat' dir='ltr'>Menagius‚</span> <span class='ocrx_word' id='word_1_15' title='bbox 943 650 975 705; x_wconf 89' lang='lat' dir='ltr'>et</span> <span class='ocrx_word' id='word_1_16' title='bbox 992 637 1150 726; x_wconf 89' lang='lat' dir='ltr'>pedestres</span> <span class='ocrx_word' id='word_1_17' title='bbox 1160 641 1329 727; x_wconf 88' lang='lat' dir='ltr'>scriptores</span> 
     </span>
     <span class='ocr_line' id='line_1_4' title="bbox 156 757 1330 850; baseline -0.005 -20"><span class='ocrx_word' id='word_1_18' title='bbox 156 763 196 830; x_wconf 91' lang='lat' dir='ltr'>ad</span> <span class='ocrx_word' id='word_1_19' title='bbox 215 764 323 850; x_wconf 77' lang='lat' dir='ltr'>poesin</span> <span class='ocrx_word' id='word_1_20' title='bbox 342 784 374 826; x_wconf 90' lang='lat' dir='ltr'>se</span> <span class='ocrx_word' id='word_1_21' title='bbox 394 768 611 826; x_wconf 83' lang='lat' dir='ltr'>convertentes</span> <span class='ocrx_word' id='word_1_22' title='bbox 625 782 690 824; x_wconf 89' lang='lat' dir='ltr'>non</span> <span class='ocrx_word' id='word_1_23' title='bbox 703 757 821 845; x_wconf 90' lang='lat' dir='ltr'>ubique</span> <span class='ocrx_word' id='word_1_24' title='bbox 833 757 917 838; x_wconf 82' lang='lat' dir='ltr'>falli,</span> <span class='ocrx_word' id='word_1_25' title='bbox 938 759 1113 825; x_wconf 88' lang='lat' dir='ltr'>testimonio</span> <span class='ocrx_word' id='word_1_26' title='bbox 1124 769 1170 825; x_wconf 87' lang='lat' dir='ltr'>est</span> <span class='ocrx_word' id='word_1_27' title='bbox 1182 759 1232 824; x_wconf 88' lang='lat' dir='ltr'>vel</span> <span class='ocrx_word' id='word_1_28' title='bbox 1244 781 1330 827; x_wconf 89' lang='lat' dir='ltr'>uuus</span> 
     </span>
     <span class='ocr_line' id='line_1_5' title="bbox 157 877 1330 968; baseline -0.005 -19"><span class='ocrx_word' id='word_1_29' title='bbox 157 881 332 949; x_wconf 84' lang='lat' dir='ltr'>Aristotelis</span> <span class='ocrx_word' id='word_1_30' title='bbox 350 879 488 968; x_wconf 86' lang='lat' dir='ltr'>hymnus</span> <span class='ocrx_word' id='word_1_31' title='bbox 509 879 543 943; x_wconf 92' lang='lat' dir='ltr'>in</span> <span class='ocrx_word' id='word_1_32' title='bbox 564 879 732 956; x_wconf 88' lang='lat' dir='ltr'>Hermian,</span> <span class='ocrx_word' id='word_1_33' title='bbox 757 877 864 943; x_wconf 87' lang='lat' dir='ltr'>multis</span> <span class='ocrx_word' id='word_1_34' title='bbox 887 879 1034 944; x_wconf 84' lang='lat' dir='ltr'><strong>laudibus</strong></span> <span class='ocrx_word' id='word_1_35' title='bbox 1052 879 1228 946; x_wconf 90' lang='lat' dir='ltr'>celebratus</span> <span class='ocrx_word' id='word_1_36' title='bbox 1245 889 1276 944; x_wconf 91' lang='lat' dir='ltr'>et</span> <span class='ocrx_word' id='word_1_37' title='bbox 1288 879 1330 943; x_wconf 92' lang='lat' dir='ltr'>ab</span> 
     </span>
     <span class='ocr_line' id='line_1_6' title="bbox 157 998 1331 1091; baseline -0.004 -22"><span class='ocrx_word' id='word_1_38' title='bbox 157 1005 224 1091; x_wconf 90' lang='lat' dir='ltr'>ipso</span> <span class='ocrx_word' id='word_1_39' title='bbox 242 1003 382 1090; x_wconf 84' lang='lat' dir='ltr'>Diogene</span> <span class='ocrx_word' id='word_1_40' title='bbox 404 1003 443 1069; x_wconf 83' lang='lat' dir='ltr'>V.</span> <span class='ocrx_word' id='word_1_41' title='bbox 469 1002 498 1064; x_wconf 86' lang='lat' dir='ltr'>I.</span> <span class='ocrx_word' id='word_1_42' title='bbox 523 1011 674 1065; x_wconf 84' lang='lat' dir='ltr'>servatus.</span> <span class='ocrx_word' id='word_1_43' title='bbox 720 999 791 1064; x_wconf 88' lang='lat' dir='ltr'>Non</span> <span class='ocrx_word' id='word_1_44' title='bbox 813 1008 919 1064; x_wconf 83' lang='lat' dir='ltr'>tamen</span> <span class='ocrx_word' id='word_1_45' title='bbox 938 999 979 1064; x_wconf 92' lang='lat' dir='ltr'>ob</span> <span class='ocrx_word' id='word_1_46' title='bbox 1001 998 1056 1066; x_wconf 89' lang='lat' dir='ltr'>has</span> <span class='ocrx_word' id='word_1_47' title='bbox 1079 1009 1201 1064; x_wconf 88' lang='lat' dir='ltr'>tantum</span> <span class='ocrx_word' id='word_1_48' title='bbox 1219 1021 1331 1065; x_wconf 87' lang='lat' dir='ltr'>causas</span> 
     </span>
     <span class='ocr_line' id='line_1_7' title="bbox 158 1117 1330 1207; baseline -0.003 -19"><span class='ocrx_word' id='word_1_49' title='bbox 158 1146 177 1188; x_wconf 91' lang='lat' dir='ltr'>a</span> <span class='ocrx_word' id='word_1_50' title='bbox 199 1121 357 1187; x_wconf 87' lang='lat' dir='ltr'>Demetrio</span> <span class='ocrx_word' id='word_1_51' title='bbox 375 1121 519 1207; x_wconf 83' lang='lat' dir='ltr'>Magnete</span> <span class='ocrx_word' id='word_1_52' title='bbox 534 1118 592 1183; x_wconf 90' lang='lat' dir='ltr'>ista</span> <span class='ocrx_word' id='word_1_53' title='bbox 609 1117 715 1182; x_wconf 90' lang='lat' dir='ltr'>inania</span> <span class='ocrx_word' id='word_1_54' title='bbox 730 1127 762 1182; x_wconf 91' lang='lat' dir='ltr'>et</span> <span class='ocrx_word' id='word_1_55' title='bbox 777 1117 901 1204; x_wconf 87' lang='lat' dir='ltr'>prolixa</span> <span class='ocrx_word' id='word_1_56' title='bbox 918 1117 1014 1183; x_wconf 87' lang='lat' dir='ltr'>verba</span> <span class='ocrx_word' id='word_1_57' title='bbox 1033 1117 1262 1197; x_wconf 89' lang='lat' dir='ltr'>abiudicamus,</span> <span class='ocrx_word' id='word_1_58' title='bbox 1275 1140 1330 1184; x_wconf 90' lang='lat' dir='ltr'>ve·</span> 
     </span>
     <span class='ocr_line' id='line_1_8' title="bbox 156 1237 1332 1327; baseline -0.003 -21"><span class='ocrx_word' id='word_1_59' title='bbox 156 1264 229 1307; x_wconf 91' lang='lat' dir='ltr'>rum</span> <span class='ocrx_word' id='word_1_60' title='bbox 250 1238 334 1327; x_wconf 92' lang='lat' dir='ltr'>quod</span> <span class='ocrx_word' id='word_1_61' title='bbox 358 1263 377 1304; x_wconf 89' lang='lat' dir='ltr'>a</span> <span class='ocrx_word' id='word_1_62' title='bbox 395 1238 560 1304; x_wconf 90' lang='lat' dir='ltr'>sobrietate</span> <span class='ocrx_word' id='word_1_63' title='bbox 576 1248 607 1303; x_wconf 92' lang='lat' dir='ltr'>et</span> <span class='ocrx_word' id='word_1_64' title='bbox 625 1237 796 1316; x_wconf 85' lang='lat' dir='ltr'>brevitate,</span> <span class='ocrx_word' id='word_1_65' title='bbox 821 1239 873 1302; x_wconf 89' lang='lat' dir='ltr'>cni</span> <span class='ocrx_word' id='word_1_66' title='bbox 896 1238 927 1302; x_wconf 90' lang='lat' dir='ltr'>in</span> <span class='ocrx_word' id='word_1_67' title='bbox 945 1237 1113 1318; x_wconf 82' lang='grc' dir='ltr'><strong><em>ὁμωνύμων</em></strong></span> <span class='ocrx_word' id='word_1_68' title='bbox 1133 1237 1332 1304; x_wconf 86' lang='lat' dir='ltr'>recensendis</span> 
     </span>
     <span class='ocr_line' id='line_1_9' title="bbox 157 1356 1331 1444; baseline -0.002 -20"><span class='ocrx_word' id='word_1_69' title='bbox 157 1360 211 1426; x_wconf 91' lang='lat' dir='ltr'>ille</span> <span class='ocrx_word' id='word_1_70' title='bbox 230 1358 365 1436; x_wconf 85' lang='lat' dir='ltr'>studuit,</span> <span class='ocrx_word' id='word_1_71' title='bbox 384 1357 583 1424; x_wconf 89' lang='lat' dir='ltr'>vehementer</span> <span class='ocrx_word' id='word_1_72' title='bbox 595 1356 782 1436; x_wconf 90' lang='lat' dir='ltr'>abhorrent,</span> <span class='ocrx_word' id='word_1_73' title='bbox 801 1367 911 1422; x_wconf 88' lang='lat' dir='ltr'>contra</span> <span class='ocrx_word' id='word_1_74' title='bbox 923 1358 1040 1443; x_wconf 87' lang='lat' dir='ltr'>optime</span> <span class='ocrx_word' id='word_1_75' title='bbox 1052 1359 1244 1423; x_wconf 88' lang='lat' dir='ltr'>conveniunt</span> <span class='ocrx_word' id='word_1_76' title='bbox 1255 1367 1331 1444; x_wconf 73' lang='lat' dir='ltr'>poe·</span> 
     </span>
     <span class='ocr_line' id='line_1_10' title="bbox 158 1453 1332 1566; baseline -0.004 -20"><span class='ocrx_word' id='word_1_77' title='bbox 158 1489 256 1546; x_wconf 88' lang='lat' dir='ltr'>tastro</span> <span class='ocrx_word' id='word_1_78' title='bbox 283 1478 416 1566; x_wconf 87' lang='lat' dir='ltr'>Diogeni</span> <span class='ocrx_word' id='word_1_79' title='bbox 442 1453 584 1554; x_wconf 75' lang='lat' dir='ltr'>Laertio,</span> <span class='ocrx_word' id='word_1_80' title='bbox 610 1499 704 1563; x_wconf 87' lang='lat' dir='ltr'>quem</span> <span class='ocrx_word' id='word_1_81' title='bbox 732 1477 808 1542; x_wconf 85' lang='lat' dir='ltr'>olim</span> <span class='ocrx_word' id='word_1_82' title='bbox 831 1477 977 1562; x_wconf 86' lang='lat' dir='ltr'>suspicati</span> <span class='ocrx_word' id='word_1_83' title='bbox 1003 1487 1093 1556; x_wconf 90' lang='lat' dir='ltr'>sunt,</span> <span class='ocrx_word' id='word_1_84' title='bbox 1118 1499 1182 1543; x_wconf 91' lang='lat' dir='ltr'>non</span> <span class='ocrx_word' id='word_1_85' title='bbox 1205 1476 1332 1564; x_wconf 85' lang='lat' dir='ltr'>illepide</span> 
     </span>
     <span class='ocr_line' id='line_1_11' title="bbox 160 1595 1331 1686; baseline -0.002 -22"><span class='ocrx_word' id='word_1_86' title='bbox 160 1599 304 1686; x_wconf 90' lang='lat' dir='ltr'>quidem,</span> <span class='ocrx_word' id='word_1_87' title='bbox 324 1597 377 1662; x_wconf 90' lang='lat' dir='ltr'>sed</span> <span class='ocrx_word' id='word_1_88' title='bbox 396 1596 538 1663; x_wconf 87' lang='lat' dir='ltr'>callidius</span> <span class='ocrx_word' id='word_1_89' title='bbox 556 1596 585 1660; x_wconf 92' lang='lat' dir='ltr'>ei</span> <span class='ocrx_word' id='word_1_90' title='bbox 605 1595 770 1661; x_wconf 88' lang='lat' dir='ltr'>consilium</span> <span class='ocrx_word' id='word_1_91' title='bbox 790 1595 979 1675; x_wconf 87' lang='lat' dir='ltr'>tribuentes,</span> <span class='ocrx_word' id='word_1_92' title='bbox 993 1619 1031 1661; x_wconf 93' lang='lat' dir='ltr'>eo</span> <span class='ocrx_word' id='word_1_93' title='bbox 1046 1596 1242 1684; x_wconf 89' lang='lat' dir='ltr'>potissimum</span> <span class='ocrx_word' id='word_1_94' title='bbox 1255 1620 1331 1662; x_wconf 90' lang='lat' dir='ltr'>con·</span> 
     </span>
     <span class='ocr_line' id='line_1_12' title="bbox 161 1714 1418 1803; baseline -0.002 -20"><span class='ocrx_word' id='word_1_95' title='bbox 161 1719 230 1783; x_wconf 91' lang='lat' dir='ltr'>silio</span> <span class='ocrx_word' id='word_1_96' title='bbox 252 1717 419 1782; x_wconf 87' lang='lat' dir='ltr'>Historiam</span> <span class='ocrx_word' id='word_1_97' title='bbox 439 1714 697 1802; x_wconf 91' lang='lat' dir='ltr'>philosophorum</span> <span class='ocrx_word' id='word_1_98' title='bbox 716 1715 888 1802; x_wconf 83' lang='lat' dir='ltr'>scripsisse,</span> <span class='ocrx_word' id='word_1_99' title='bbox 912 1725 948 1780; x_wconf 93' lang='lat' dir='ltr'>ut</span> <span class='ocrx_word' id='word_1_100' title='bbox 959 1715 1088 1782; x_wconf 89' lang='lat' dir='ltr'>haberet</span> <span class='ocrx_word' id='word_1_101' title='bbox 1110 1726 1332 1803; x_wconf 72' lang='lat' dir='ltr'>quopoemata</span> <span class='ocrx_word' id='word_1_102' title='bbox 1417 1783 1418 1790; x_wconf 40' lang='lat'>,</span> 
     </span>
     <span class='ocr_line' id='line_1_13' title="bbox 159 1833 1331 1925; baseline -0.003 -22"><span class='ocrx_word' id='word_1_103' title='bbox 159 1859 232 1917; x_wconf 87' lang='lat' dir='ltr'>sua,</span> <span class='ocrx_word' id='word_1_104' title='bbox 268 1860 308 1903; x_wconf 84' lang='lat' dir='ltr'>ex</span> <span class='ocrx_word' id='word_1_105' title='bbox 343 1857 400 1902; x_wconf 91' lang='lat' dir='ltr'>sua</span> <span class='ocrx_word' id='word_1_106' title='bbox 436 1835 612 1918; x_wconf 79' lang='grc' dir='ltr'><em>κωμμέτρῳ</em></span> <span class='ocrx_word' id='word_1_107' title='bbox 644 1833 824 1922; x_wconf 87' lang='lat' dir='ltr'>desumpta,</span> <span class='ocrx_word' id='word_1_108' title='bbox 860 1835 1033 1924; x_wconf 83' lang='lat' dir='ltr'>posteritati</span> <span class='ocrx_word' id='word_1_109' title='bbox 1063 1834 1245 1902; x_wconf 89' lang='lat' dir='ltr'>obtruderet</span> <span class='ocrx_word' id='word_1_110' title='bbox 1277 1835 1331 1925; x_wconf 87' lang='lat' dir='ltr'>(cf.</span> 
     </span>
     <span class='ocr_line' id='line_1_14' title="bbox 159 1956 640 2042; baseline -0.002 -21"><span class='ocrx_word' id='word_1_111' title='bbox 159 1960 272 2024; x_wconf 85' lang='lat' dir='ltr'>Luzac.</span> <span class='ocrx_word' id='word_1_112' title='bbox 295 1958 380 2022; x_wconf 89' lang='lat' dir='ltr'>Leet.</span> <span class='ocrx_word' id='word_1_113' title='bbox 404 1956 468 2020; x_wconf 78' lang='lat' dir='ltr'>Aa.</span> <span class='ocrx_word' id='word_1_114' title='bbox 492 1978 523 2042; x_wconf 92' lang='lat' dir='ltr'>p.</span> <span class='ocrx_word' id='word_1_115' title='bbox 551 1956 640 2038; x_wconf 81' lang='lat'>170).</span> 
     </span>
    </p>

    <p class='ocr_par' dir='ltr' id='par_1_3' title="bbox 155 2073 1418 2764">
     <span class='ocr_line' id='line_1_15' title="bbox 201 2073 1334 2162; baseline -0.002 -20"><span class='ocrx_word' id='word_1_116' title='bbox 201 2076 308 2152; x_wconf 78' lang='grc' dir='ltr'><em>ἕκτος,</em></span> <span class='ocrx_word' id='word_1_117' title='bbox 342 2075 600 2156; x_wconf 62' lang='lat' dir='ltr'>suessanensis.</span> <span class='ocrx_word' id='word_1_118' title='bbox 647 2074 764 2141; x_wconf 89' lang='lat' dir='ltr'>Nobilis</span> <span class='ocrx_word' id='word_1_119' title='bbox 786 2075 837 2142; x_wconf 87' lang='lat' dir='ltr'>hie</span> <span class='ocrx_word' id='word_1_120' title='bbox 860 2075 972 2140; x_wconf 85' lang='lat' dir='ltr'>artifex</span> <span class='ocrx_word' id='word_1_121' title='bbox 996 2073 1034 2140; x_wconf 89' lang='lat' dir='ltr'>de</span> <span class='ocrx_word' id='word_1_122' title='bbox 1056 2076 1208 2141; x_wconf 87' lang='lat' dir='ltr'>toreutice</span> <span class='ocrx_word' id='word_1_123' title='bbox 1231 2073 1334 2162; x_wconf 86' lang='lat' dir='ltr'>deque</span> 
     </span>
     <span class='ocr_line' id='line_1_16' title="bbox 159 2194 1333 2286; baseline 0.001 -24"><span class='ocrx_word' id='word_1_124' title='bbox 159 2197 282 2285; x_wconf 88' lang='lat' dir='ltr'>pictura</span> <span class='ocrx_word' id='word_1_125' title='bbox 305 2197 479 2283; x_wconf 89' lang='lat' dir='ltr'>composuit</span> <span class='ocrx_word' id='word_1_126' title='bbox 501 2197 664 2261; x_wconf 91' lang='lat' dir='ltr'>volumina</span> <span class='ocrx_word' id='word_1_127' title='bbox 689 2196 819 2286; x_wconf 91' lang='lat' dir='ltr'>(Plinius</span> <span class='ocrx_word' id='word_1_128' title='bbox 842 2197 879 2264; x_wconf 88' lang='lat' dir='ltr'>N.</span> <span class='ocrx_word' id='word_1_129' title='bbox 903 2198 941 2263; x_wconf 90' lang='lat' dir='ltr'>H.</span> <span class='ocrx_word' id='word_1_130' title='bbox 969 2199 1105 2262; x_wconf 81' lang='lat' dir='ltr'>XXXIII</span> <span class='ocrx_word' id='word_1_131' title='bbox 1124 2194 1192 2264; x_wconf 88' lang='lat' dir='ltr'>lud.</span> <span class='ocrx_word' id='word_1_132' title='bbox 1212 2197 1333 2264; x_wconf 88' lang='lat' dir='ltr'>XXXV</span> 
     </span>
     <span class='ocr_line' id='line_1_17' title="bbox 155 2315 1333 2404; baseline -0.001 -22"><span class='ocrx_word' id='word_1_133' title='bbox 155 2340 186 2404; x_wconf 89' lang='lat' dir='ltr'>p.</span> <span class='ocrx_word' id='word_1_134' title='bbox 211 2317 277 2382; x_wconf 77' lang='lat'>292</span> <span class='ocrx_word' id='word_1_135' title='bbox 298 2316 380 2402; x_wconf 85' lang='lat' dir='ltr'>Bip.)</span> <span class='ocrx_word' id='word_1_136' title='bbox 406 2325 499 2380; x_wconf 87' lang='lat' dir='ltr'>etex</span> <span class='ocrx_word' id='word_1_137' title='bbox 522 2316 624 2381; x_wconf 93' lang='lat' dir='ltr'>Plinio</span> <span class='ocrx_word' id='word_1_138' title='bbox 646 2318 792 2385; x_wconf 83' lang='lat' dir='ltr'>XXXIV.</span> <span class='ocrx_word' id='word_1_139' title='bbox 807 2319 848 2383; x_wconf 81' lang='grc'>’8.</span> <span class='ocrx_word' id='word_1_140' title='bbox 874 2318 940 2380; x_wconf 84' lang='grc'>244</span> <span class='ocrx_word' id='word_1_141' title='bbox 964 2315 1049 2402; x_wconf 87' lang='lat' dir='ltr'>Bip.·</span> <span class='ocrx_word' id='word_1_142' title='bbox 1066 2316 1193 2396; x_wconf 76' lang='lat' dir='ltr'>Vossius</span> <span class='ocrx_word' id='word_1_143' title='bbox 1215 2318 1254 2383; x_wconf 89' lang='lat' dir='ltr'>H.</span> <span class='ocrx_word' id='word_1_144' title='bbox 1275 2316 1333 2381; x_wconf 87' lang='lat' dir='ltr'>Gr.</span> 
     </span>
     <span class='ocr_line' id='line_1_18' title="bbox 156 2435 1332 2523; baseline 0.001 -23"><span class='ocrx_word' id='word_1_145' title='bbox 156 2459 188 2523; x_wconf 88' lang='lat' dir='ltr'>p.</span> <span class='ocrx_word' id='word_1_146' title='bbox 214 2436 276 2502; x_wconf 82' lang='lat'>609</span> <span class='ocrx_word' id='word_1_147' title='bbox 300 2436 355 2503; x_wconf 90' lang='lat' dir='ltr'>W.</span> <span class='ocrx_word' id='word_1_148' title='bbox 379 2435 448 2500; x_wconf 92' lang='lat' dir='ltr'>iure</span> <span class='ocrx_word' id='word_1_149' title='bbox 472 2435 622 2514; x_wconf 85' lang='lat' dir='ltr'>confecit,</span> <span class='ocrx_word' id='word_1_150' title='bbox 653 2459 732 2521; x_wconf 27' lang='lat' dir='ltr'>*eum</span> <span class='ocrx_word' id='word_1_151' title='bbox 762 2436 891 2516; x_wconf 85' lang='lat' dir='ltr'>vixisse,</span> <span class='ocrx_word' id='word_1_152' title='bbox 923 2436 1008 2500; x_wconf 88' lang='lat' dir='ltr'>circa</span> <span class='ocrx_word' id='word_1_153' title='bbox 1035 2435 1204 2501; x_wconf 87' lang='lat' dir='ltr'>Ptolemaei</span> <span class='ocrx_word' id='word_1_154' title='bbox 1227 2435 1332 2501; x_wconf 89' lang='lat' dir='ltr'>Phila·</span> 
     </span>
     <span class='ocr_line' id='line_1_19' title="bbox 159 2553 1418 2642; baseline 0 -22"><span class='ocrx_word' id='word_1_155' title='bbox 159 2553 265 2642; x_wconf 88' lang='lat' dir='ltr'>delphi</span> <span class='ocrx_word' id='word_1_156' title='bbox 293 2563 445 2640; x_wconf 87' lang='lat' dir='ltr'>tempora.</span> <span class='ocrx_word' id='word_1_157' title='bbox 492 2553 579 2619; x_wconf 87' lang='lat' dir='ltr'>Idem</span> <span class='ocrx_word' id='word_1_158' title='bbox 611 2555 802 2620; x_wconf 87' lang='lat' dir='ltr'>Xenocrates</span> <span class='ocrx_word' id='word_1_159' title='bbox 829 2554 1052 2642; x_wconf 86' lang='lat' dir='ltr'>intelligendus</span> <span class='ocrx_word' id='word_1_160' title='bbox 1079 2565 1126 2620; x_wconf 91' lang='lat' dir='ltr'>est</span> <span class='ocrx_word' id='word_1_161' title='bbox 1147 2555 1231 2642; x_wconf 90' lang='lat' dir='ltr'>apud</span> <span class='ocrx_word' id='word_1_162' title='bbox 1254 2555 1333 2620; x_wconf 89' lang='lat' dir='ltr'>Dio-</span> <span class='ocrx_word' id='word_1_163' title='bbox 1417 2627 1418 2634; x_wconf 8' lang='grc' dir='ltr'>χ</span> 
     </span>
     <span class='ocr_line' id='line_1_20' title="bbox 159 2673 1334 2764; baseline 0 -24"><span class='ocrx_word' id='word_1_164' title='bbox 159 2697 272 2764; x_wconf 89' lang='lat' dir='ltr'>genem</span> <span class='ocrx_word' id='word_1_165' title='bbox 303 2673 462 2739; x_wconf 72' lang='lat' dir='ltr'>Laertium</span> <span class='ocrx_word' id='word_1_166' title='bbox 489 2675 559 2742; x_wconf 83' lang='lat' dir='ltr'>Vll.</span> <span class='ocrx_word' id='word_1_167' title='bbox 591 2676 672 2754; x_wconf 83' lang='lat'>188,</span> <span class='ocrx_word' id='word_1_168' title='bbox 705 2675 759 2762; x_wconf 91' lang='lat' dir='ltr'>qui</span> <span class='ocrx_word' id='word_1_169' title='bbox 782 2675 885 2740; x_wconf 87' lang='lat' dir='ltr'>nescio</span> <span class='ocrx_word' id='word_1_170' title='bbox 908 2697 1003 2762; x_wconf 91' lang='lat' dir='ltr'>quem</span> <span class='ocrx_word' id='word_1_171' title='bbox 1026 2674 1203 2740; x_wconf 83' lang='lat' dir='ltr'>exscribens</span> <span class='ocrx_word' id='word_1_172' title='bbox 1226 2684 1257 2740; x_wconf 91' lang='lat' dir='ltr'>et</span> <span class='ocrx_word' id='word_1_173' title='bbox 1279 2698 1334 2740; x_wconf 89' lang='lat' dir='ltr'>ve·</span> 
     </span>
    </p>
   </div>
   <div class='ocr_carea' id='block_1_3' title="bbox 163 2793 1333 2882">
    <p class='ocr_par' dir='ltr' id='par_1_4' title="bbox 163 2793 1333 2882">
     <span class='ocr_line' id='line_1_21' title="bbox 163 2793 1333 2882; baseline 0.001 -24"><span class='ocrx_word' id='word_1_174' title='bbox 163 2803 244 2859; x_wconf 88' lang='lat' dir='ltr'>teres</span> <span class='ocrx_word' id='word_1_175' title='bbox 267 2793 335 2874; x_wconf 78' lang='lat' dir='ltr'>aspi</span> <span class='ocrx_word' id='word_1_176' title='bbox 368 2799 427 2858; x_wconf 76' lang='grc' dir='ltr'>τῶν</span> <span class='ocrx_word' id='word_1_177' title='bbox 449 2793 585 2858; x_wconf 79' lang='grc' dir='ltr'><em>πινάκων</em></span> <span class='ocrx_word' id='word_1_178' title='bbox 604 2794 795 2876; x_wconf 72' lang='grc' dir='ltr'><em>νράψωντνις</em></span> <span class='ocrx_word' id='word_1_179' title='bbox 817 2793 949 2860; x_wconf 90' lang='lat' dir='ltr'>laudans</span> <span class='ocrx_word' id='word_1_180' title='bbox 966 2818 1024 2882; x_wconf 89' lang='lat' dir='ltr'>pro</span> <span class='ocrx_word' id='word_1_181' title='bbox 1047 2793 1232 2877; x_wconf 72' lang='grc' dir='ltr'><em>Ὑψικράτει</em></span> <span class='ocrx_word' id='word_1_182' title='bbox 1256 2796 1333 2860; x_wconf 89' lang='lat' dir='ltr'>scri·</span> 
     </span>
    </p>
   </div>
   <div class='ocr_carea' id='block_1_4' title="bbox 160 2912 1336 3602">
    <p class='ocr_par' dir='ltr' id='par_1_5' title="bbox 160 2912 1336 3602">
     <span class='ocr_line' id='line_1_22' title="bbox 161 2912 1334 3000; baseline 0 -23"><span class='ocrx_word' id='word_1_183' title='bbox 161 2913 223 3000; x_wconf 87' lang='lat' dir='ltr'>psit</span> <span class='ocrx_word' id='word_1_184' title='bbox 259 2921 315 2977; x_wconf 92' lang='lat' dir='ltr'>aut</span> <span class='ocrx_word' id='word_1_185' title='bbox 343 2913 478 2980; x_wconf 90' lang='lat' dir='ltr'>scribere</span> <span class='ocrx_word' id='word_1_186' title='bbox 502 2913 609 2980; x_wconf 87' lang='lat' dir='ltr'>debuit</span> <span class='ocrx_word' id='word_1_187' title='bbox 634 2914 824 2997; x_wconf 79' lang='grc' dir='ltr'><em>Ξενοκράτει.</em></span> <span class='ocrx_word' id='word_1_188' title='bbox 879 2917 1103 3000; x_wconf 86' lang='lat' dir='ltr'>Praeterquam</span> <span class='ocrx_word' id='word_1_189' title='bbox 1134 2915 1218 2980; x_wconf 91' lang='lat' dir='ltr'>enim</span> <span class='ocrx_word' id='word_1_190' title='bbox 1246 2912 1334 3000; x_wconf 91' lang='lat' dir='ltr'>quod</span> 
     </span>
     <span class='ocr_line' id='line_1_23' title="bbox 160 3032 1333 3122; baseline -0.001 -23"><span class='ocrx_word' id='word_1_191' title='bbox 160 3034 243 3100; x_wconf 89' lang='lat' dir='ltr'>inter</span> <span class='ocrx_word' id='word_1_192' title='bbox 265 3032 431 3119; x_wconf 88' lang='lat' dir='ltr'>scriptores</span> <span class='ocrx_word' id='word_1_193' title='bbox 447 3034 514 3115; x_wconf 73' lang='grc' dir='ltr'>περὶ</span> <span class='ocrx_word' id='word_1_194' title='bbox 540 3034 675 3100; x_wconf 76' lang='grc' dir='ltr'><em>πινάκων</em></span> <span class='ocrx_word' id='word_1_195' title='bbox 689 3035 797 3100; x_wconf 89' lang='lat' dir='ltr'>nullus</span> <span class='ocrx_word' id='word_1_196' title='bbox 808 3036 1007 3122; x_wconf 80' lang='lat' dir='ltr'>Hypsicratea</span> <span class='ocrx_word' id='word_1_197' title='bbox 1025 3044 1119 3098; x_wconf 88' lang='lat' dir='ltr'>notus</span> <span class='ocrx_word' id='word_1_198' title='bbox 1135 3044 1197 3112; x_wconf 90' lang='lat' dir='ltr'>est,</span> <span class='ocrx_word' id='word_1_199' title='bbox 1221 3035 1333 3099; x_wconf 88' lang='lat' dir='ltr'>Xeno-</span> 
     </span>
     <span class='ocr_line' id='line_1_24' title="bbox 163 3151 1336 3242; baseline -0.001 -24"><span class='ocrx_word' id='word_1_200' title='bbox 163 3161 264 3218; x_wconf 88' lang='lat' dir='ltr'>crates</span> <span class='ocrx_word' id='word_1_201' title='bbox 301 3151 354 3217; x_wconf 93' lang='lat' dir='ltr'>ille</span> <span class='ocrx_word' id='word_1_202' title='bbox 382 3175 454 3218; x_wconf 89' lang='lat' dir='ltr'>cum</span> <span class='ocrx_word' id='word_1_203' title='bbox 486 3153 655 3220; x_wconf 90' lang='lat' dir='ltr'>Polemone</span> <span class='ocrx_word' id='word_1_204' title='bbox 687 3165 718 3220; x_wconf 91' lang='lat' dir='ltr'>et</span> <span class='ocrx_word' id='word_1_205' title='bbox 746 3155 924 3242; x_wconf 83' lang='lat' dir='ltr'>Antigono,</span> <span class='ocrx_word' id='word_1_206' title='bbox 955 3153 1051 3240; x_wconf 90' lang='lat' dir='ltr'>paulo</span> <span class='ocrx_word' id='word_1_207' title='bbox 1073 3176 1126 3219; x_wconf 89' lang='lat' dir='ltr'>eos</span> <span class='ocrx_word' id='word_1_208' title='bbox 1148 3152 1336 3219; x_wconf 88' lang='lat' dir='ltr'>antecedens</span> 
     </span>
     <span class='ocr_line' id='line_1_25' title="bbox 161 3272 1334 3362; baseline 0.002 -26"><span class='ocrx_word' id='word_1_209' title='bbox 161 3282 279 3352; x_wconf 85' lang='lat' dir='ltr'>aetate,</span> <span class='ocrx_word' id='word_1_210' title='bbox 312 3272 428 3359; x_wconf 87' lang='lat' dir='ltr'>optime</span> <span class='ocrx_word' id='word_1_211' title='bbox 459 3274 673 3362; x_wconf 88' lang='lat' dir='ltr'>coniungitur.</span> <span class='ocrx_word' id='word_1_212' title='bbox 720 3273 836 3340; x_wconf 87' lang='lat' dir='ltr'>Eodem</span> <span class='ocrx_word' id='word_1_213' title='bbox 868 3274 962 3340; x_wconf 90' lang='lat' dir='ltr'>modo</span> <span class='ocrx_word' id='word_1_214' title='bbox 992 3274 1112 3340; x_wconf 90' lang='lat' dir='ltr'>Plinius</span> <span class='ocrx_word' id='word_1_215' title='bbox 1140 3274 1269 3341; x_wconf 79' lang='lat' dir='ltr'>XXXV.</span> <span class='ocrx_word' id='word_1_216' title='bbox 1302 3295 1334 3358; x_wconf 89' lang='lat' dir='ltr'>p.</span> 
     </span>
     <span class='ocr_line' id='line_1_26' title="bbox 165 3391 1335 3484; baseline 0.001 -29"><span class='ocrx_word' id='word_1_217' title='bbox 165 3391 289 3456; x_wconf 78' lang='lat'>29313.</span> <span class='ocrx_word' id='word_1_218' title='bbox 313 3392 451 3477; x_wconf 86' lang='lat' dir='ltr'>scripsit:</span> <span class='ocrx_word' id='word_1_219' title='bbox 476 3441 494 3474; x_wconf 83' lang='lat'>‚‚</span> <span class='ocrx_word' id='word_1_220' title='bbox 508 3394 596 3458; x_wconf 89' lang='lat' dir='ltr'>Hanc</span> <span class='ocrx_word' id='word_1_221' title='bbox 621 3393 648 3458; x_wconf 90' lang='lat' dir='ltr'>ei</span> <span class='ocrx_word' id='word_1_222' title='bbox 677 3393 867 3484; x_wconf 87' lang='lat' dir='ltr'>(Parrhasio)</span> <span class='ocrx_word' id='word_1_223' title='bbox 891 3393 1027 3482; x_wconf 85' lang='lat' dir='ltr'>gloriam</span> <span class='ocrx_word' id='word_1_224' title='bbox 1047 3414 1226 3459; x_wconf 87' lang='lat' dir='ltr'>concessere</span> <span class='ocrx_word' id='word_1_225' title='bbox 1244 3391 1335 3457; x_wconf 85' lang='lat' dir='ltr'>Anti-</span> 
     </span>
     <span class='ocr_line' id='line_1_27' title="bbox 165 3510 1334 3602; baseline 0 -26"><span class='ocrx_word' id='word_1_226' title='bbox 165 3531 269 3596; x_wconf 88' lang='lat' dir='ltr'>gonus</span> <span class='ocrx_word' id='word_1_227' title='bbox 291 3519 323 3574; x_wconf 91' lang='lat' dir='ltr'>et</span> <span class='ocrx_word' id='word_1_228' title='bbox 344 3513 537 3576; x_wconf 91' lang='lat' dir='ltr'>Xenocrates</span> <span class='ocrx_word' id='word_1_229' title='bbox 559 3513 613 3597; x_wconf 95' lang='lat' dir='ltr'>qui</span> <span class='ocrx_word' id='word_1_230' title='bbox 635 3512 674 3578; x_wconf 91' lang='lat' dir='ltr'>de</span> <span class='ocrx_word' id='word_1_231' title='bbox 694 3514 818 3600; x_wconf 90' lang='lat' dir='ltr'>pictura</span> <span class='ocrx_word' id='word_1_232' title='bbox 830 3513 889 3598; x_wconf 75' lang='lat' dir='ltr'>(z</span> <span class='ocrx_word' id='word_1_233' title='bbox 901 3513 967 3594; x_wconf 76' lang='lat' dir='ltr'>arpi</span> <span class='ocrx_word' id='word_1_234' title='bbox 984 3511 1134 3602; x_wconf 74' lang='lat' dir='ltr'>asaelem)</span> <span class='ocrx_word' id='word_1_235' title='bbox 1149 3510 1334 3598; x_wconf 89' lang='lat' dir='ltr'>scripsere.”</span> 
     </span>
    </p>
   </div>
   <div class='ocr_carea' id='block_1_5' title="bbox 584 3758 874 3821">
    <p class='ocr_par' dir='ltr' id='par_1_6' title="bbox 584 3758 874 3821">
     <span class='ocr_line' id='line_1_28' title="bbox 584 3758 874 3821; baseline 0.01 -3"><span class='ocrx_word' id='word_1_236' title='bbox 584 3758 874 3821; x_wconf 83' lang='grc' dir='ltr'><strong>ΞΕΝΟΦΑΝΕΙΣ.</strong></span> 
     </span>
    </p>
   </div>
   <div class='ocr_carea' id='block_1_6' title="bbox 157 3989 1331 4440">
    <p class='ocr_par' dir='ltr' id='par_1_7' title="bbox 207 3989 712 4077">
     <span class='ocr_line' id='line_1_29' title="bbox 207 3989 712 4077; baseline 0.01 -23"><span class='ocrx_word' id='word_1_237' title='bbox 207 3996 236 4057; x_wconf 86' lang='grc'>1.</span> <span class='ocrx_word' id='word_1_238' title='bbox 262 3989 469 4076; x_wconf 87' lang='lat' dir='ltr'>Xenophanes</span> <span class='ocrx_word' id='word_1_239' title='bbox 492 3989 712 4077; x_wconf 90' lang='lat' dir='ltr'>Colophonius.</span> 
     </span>
    </p>

    <p class='ocr_par' dir='ltr' id='par_1_8' title="bbox 157 4109 1331 4308">
     <span class='ocr_line' id='line_1_30' title="bbox 204 4109 1331 4197; baseline 0.004 -23"><span class='ocrx_word' id='word_1_240' title='bbox 204 4111 406 4197; x_wconf 86' lang='lat' dir='ltr'>Diogenes</span> <span class='ocrx_word' id='word_1_241' title='bbox 428 4109 462 4174; x_wconf 87' lang='lat' dir='ltr'>L.</span> <span class='ocrx_word' id='word_1_242' title='bbox 486 4110 543 4174; x_wconf 92' lang='lat' dir='ltr'>IX.</span> <span class='ocrx_word' id='word_1_243' title='bbox 570 4113 622 4176; x_wconf 80' lang='lat'>20.</span> <span class='ocrx_word' id='word_1_244' title='bbox 658 4109 771 4192; x_wconf 69' lang='grc' dir='ltr'><em>Γέγονε</em></span> <span class='ocrx_word' id='word_1_245' title='bbox 791 4113 822 4178; x_wconf 77' lang='grc' dir='ltr'>δὲ</span> <span class='ocrx_word' id='word_1_246' title='bbox 842 4112 895 4178; x_wconf 78' lang='lat' dir='ltr'>nal</span> <span class='ocrx_word' id='word_1_247' title='bbox 916 4111 1013 4188; x_wconf 77' lang='grc' dir='ltr'><em>άλλως</em></span> <span class='ocrx_word' id='word_1_248' title='bbox 1036 4111 1231 4196; x_wconf 78' lang='grc' dir='ltr'><em>Ξενοφάνης,</em></span> <span class='ocrx_word' id='word_1_249' title='bbox 1249 4114 1331 4178; x_wconf 79' lang='grc' dir='ltr'><em>Λέσ-</em></span> 
     </span>
     <span class='ocr_line' id='line_1_31' title="bbox 157 4226 557 4308; baseline 0.01 -17"><span class='ocrx_word' id='word_1_250' title='bbox 157 4228 242 4305; x_wconf 77' lang='grc' dir='ltr'><em>βιος,</em></span> <span class='ocrx_word' id='word_1_251' title='bbox 265 4227 395 4303; x_wconf 66' lang='grc' dir='ltr'><em>ποιητὴς</em></span> <span class='ocrx_word' id='word_1_252' title='bbox 420 4226 557 4308; x_wconf 79' lang='grc' dir='ltr'><em>ἰάμβων.</em></span> 
     </span>
    </p>

    <p class='ocr_par' dir='ltr' id='par_1_9' title="bbox 200 4327 1331 4440">
     <span class='ocr_line' id='line_1_32' title="bbox 200 4327 1331 4440; baseline 0.007 -30"><span class='ocrx_word' id='word_1_253' title='bbox 200 4345 408 4433; x_wconf 89' lang='lat' dir='ltr'>Xenophanes</span> <span class='ocrx_word' id='word_1_254' title='bbox 434 4349 684 4438; x_wconf 86' lang='lat' dir='ltr'>Iambographus</span> <span class='ocrx_word' id='word_1_255' title='bbox 711 4351 838 4418; x_wconf 91' lang='lat' dir='ltr'>aliunde</span> <span class='ocrx_word' id='word_1_256' title='bbox 861 4376 974 4440; x_wconf 90' lang='lat' dir='ltr'>parum</span> <span class='ocrx_word' id='word_1_257' title='bbox 997 4365 1091 4420; x_wconf 89' lang='lat' dir='ltr'>notus</span> <span class='ocrx_word' id='word_1_258' title='bbox 1113 4365 1169 4420; x_wconf 90' lang='lat' dir='ltr'>est.</span> <span class='ocrx_word' id='word_1_259' title='bbox 1213 4327 1331 4418; x_wconf 82' lang='lat' dir='ltr'>Clinto·</span> 
     </span>
    </p>
   </div>
   <div class='ocr_carea' id='block_1_7' title="bbox 0 0 1437 4546">
    <p class='ocr_par' dir='ltr' id='par_1_10' title="bbox 0 0 1437 4546">
     <span class='ocr_line' id='line_1_33' title="bbox 0 0 1437 4546; baseline 0 0"><span class='ocrx_word' id='word_1_260' title='bbox 0 0 1437 4546; x_wconf 95' lang='lat' dir='ltr'> </span> 
     </span>
    </p>
   </div>
  </div>
 </body>
</html>
