2848 4546
677 309 715 373 71

105 532 279 598 suboluisse
302 532 429 597 Dictimi
452 531 578 611 dolum;
604 529 688 617 quod
712 530 845 610 falsum,
870 554 944 598 nam
967 535 1089 602 lonsius
1115 539 1153 629 (l.
1175 541 1228 607 20.
1245 541 1279 628 2)

105 654 137 717 in
161 653 347 718 universum
371 662 494 717 tantum
519 651 660 730 locutus,
693 652 815 738 scripsit
845 652 982 739 Epicuro
1008 656 1160 742 quaedam
1185 659 1280 724 fuisse

102 772 263 858 supposita
286 793 423 860 eumque
445 769 556 836 dolum
583 770 726 836 Ciceroni
749 769 936 837 suboluisse.
983 773 1150 841 Praeterea
1177 777 1280 842 huza-

102 892 171 958 cius
193 913 224 976 p.
240 891 304 955 154
327 890 481 968 miratur,
506 891 665 954 Zenonem
679 889 711 953 in
735 899 831 975 caput
849 889 1020 956 adversarii
1039 893 1186 960 ultimum
1206 919 1280 982 sup-

103 1011 237 1098 plicium
268 1009 442 1088 derivasse,
475 1011 564 1075 cuius
594 1010 728 1074 Zenonis
758 1009 842 1075 mitis
872 1032 909 1076 ac
938 1011 1061 1098 placida
1087 1014 1207 1080 indoles
1230 1017 1281 1082 vel

101 1154 142 1197 ex
175 1154 213 1197 eo
242 1153 275 1196 se
309 1129 495 1217 prodiderit,
532 1129 618 1216 quod
650 1131 812 1195 Socratem
842 1153 986 1196 scurram
1015 1133 1154 1200 Atticum
1184 1136 1279 1202 luisse

101 1250 225 1316 dixerit.
273 1251 337 1332 Qui
359 1272 434 1315 vero
457 1249 622 1328 Luzacius,
654 1250 686 1314 in
710 1259 775 1314 tota
802 1271 838 1314 re
865 1249 904 1315 de
931 1251 1069 1317 Dictimo
1099 1254 1192 1320 nimis
1222 1279 1278 1320 su-

100 1372 228 1458 spicax,
259 1394 298 1436 ex
321 1371 478 1436 Ciceronis
501 1369 604 1434 verbis
631 1368 713 1459 (Nat.
737 1370 774 1435 D.
797 1371 823 1435 1.
845 1367 899 1458 34)
927 1372 1062 1437 Zenonis
1085 1373 1161 1438 mite
1183 1375 1277 1462 inge-

100 1491 191 1555 nium
212 1491 410 1578 cognoverit,
434 1512 499 1554 non
519 1499 650 1576 exput0;
676 1489 784 1553 Cicero
803 1489 887 1553 enim
906 1491 1027 1576 scripsit
1044 1490 1139 1558 haec:
1163 1495 1277 1574 „Zeno

100 1610 230 1696 quidem
252 1632 316 1674 non
347 1632 400 1674 eos
421 1607 524 1674 solum
556 1608 698 1696 quitum
725 1618 831 1686 erant,
853 1609 1099 1694 Apollodorum,
1130 1611 1274 1698 Syllum,

100 1739 221 1796 ceteros
244 1728 406 1816 figebat
429 1727 677 1807 maledictis,
709 1726 762 1792 sed
793 1729 955 1794 Socratem
985 1731 1088 1816 ipsum
1112 1741 1276 1816 parentem

100 1848 333 1937 philosophiae,
357 1849 468 1914 Latino
491 1847 588 1913 verbo
611 1858 719 1924 utens,
744 1868 885 1912 scurram
908 1848 1049 1914 Atticum
1071 1849 1165 1914 fuisse
1191 1849 1275 1916 dice·

98 1970 170 2048 bat,
203 1969 415 2056 Chrysippum
438 1989 604 2052 nunquam
627 1967 688 2031 nisi
708 1964 898 2053 Chesippum
921 1966 1085 2032 vocabat.’'
1132 1969 1171 2032 Et
1194 1967 1277 2034 idem

98 2091 203 2164 Zeno,
238 2087 381 2152 homines
415 2084 587 2152 maledictis
623 2084 721 2173 figere
757 2085 886 2164 solitus,
922 2108 1022 2173 quum
1059 2107 1077 2150 a
1110 2087 1275 2165 Cicerone,

99 2208 193 2271 Tusc.
216 2208 278 2288 Qu.
300 2209 357 2272 lll.
384 2209 423 2271 17
455 2205 556 2272 dictus
585 2205 681 2271 fuerit
706 2204 923 2271 acriculus
945 2204 1020 2271 ille
1043 2227 1182 2285 senex,
1216 2229 1271 2271 ne-

10 2337 12 2342 ’
98 2326 166 2391 scio
188 2348 228 2390 an
251 2349 291 2390 ex
313 2326 469 2392 Ciceronis
492 2325 618 2412 quidem
642 2325 787 2412 opinione
810 2335 875 2390 tam
898 2323 1021 2390 alienus
1044 2325 1139 2390 fuerit
1162 2348 1181 2391 a
1203 2325 1272 2390 vin·

98 2445 184 2510 dicta
206 2444 245 2510 de
273 2446 422 2524 Diotimo,
454 2444 634 2510 adversario
664 2467 735 2522 suo,
767 2443 929 2510 sumenda.
958 2444 1011 2532 (cf.
1035 2445 1272 2532 Wagenmann.

100 2565 135 2629 in
158 2564 261 2630 Paulii
283 2565 374 2631 Thes.
397 2589 427 2632 v.
452 2567 538 2630 Zeno
559 2566 603 2633 Vl
635 2587 665 2650 p.
692 2563 791 2653 2834)
828 2564 974 2629 Ceterum
999 2586 1099 2650 quum
1122 2565 1274 2629 Luzacius

99 2693 186 2751 recte
209 2685 320 2750 viderit
333 2734 341 2764 ,
365 2686 547 2751 Ciceronem
559 2683 674 2749 nullibi
684 2684 856 2748 Diotimum
868 2692 924 2748 aut
937 2682 1066 2748 lascivas
1077 2682 1147 2747 illas
1159 2684 1272 2768 episto-

99 2806 163 2884 las,
196 2828 215 2870 a
245 2805 383 2896 Diogene
406 2807 440 2869 L.
463 2806 492 2869 ei
518 2804 664 2883 tributas,
690 2824 882 2881 memorare,
907 2802 1023 2867 mirum
1047 2811 1206 2879 osteum,
1237 2802 1270 2866 in

97 2925 228 3012 reliquis
251 2926 412 3012 copiosum
441 2948 531 3004 sane,
564 2948 629 2991 non
661 2923 830 3002 addidisse,
862 2921 1097 3009 aliquantulum
1127 2923 1210 2987 inter
1239 2943 1272 2986 se

98 3045 276 3131 discrepare
298 3045 470 3134 Diogenem
494 3056 525 3110 et
551 3044 765 3120 Athenaeum
802 3041 982 3107 Athenaeus
1014 3042 1099 3106 enim
1132 3064 1197 3106 non
1231 3039 1271 3106 de

98 3165 235 3252 epistolis
258 3189 277 3229 a
299 3165 435 3230 Diotimo
447 3165 584 3251 Epicuro
606 3163 771 3250 suppositis
783 3161 908 3228 locutus
919 3171 974 3239 est,
987 3159 1041 3226 sed
1052 3183 1092 3226 ex
1111 3159 1268 3225 Demetrio

98 3287 244 3373 Magnete
267 3285 391 3372 scripsit
413 3283 560 3362 Διότιμος
584 3283 627 3348 τὰ
651 3286 735 3348 κατ’
759 3280 939 3362 Ἐπικούρου
959 3280 1078 3360 βιβλία
1102 3278 1244 3359 γράψας.

669 3529 706 3593 Ε.

561 3771 806 3827 ElllKOTPOI.

145 4011 174 4071 1.
197 4005 351 4092 Epicurus
376 4003 579 4071 Atheniensis.
1230 4073 1231 4077 ,

140 4124 346 4214 Diogenes
368 4125 402 4188 L.
426 4127 465 4189 X.
497 4124 548 4190 13.
595 4123 771 4205 Δημήτριος
804 4121 835 4186 δέ
866 4126 961 4204 φησιν
992 4121 1006 4184 ὁ
1035 4118 1172 4199 Μάγνης
1208 4118 1261 4183 aa>

96 4242 299 4324 Ξενοκράτους
330 4246 423 4311 αὐτὸν
448 4246 593 4310 ἀκοῦσαι.

139 4367 180 4430 Ut
201 4367 357 4452 Epicurus
377 4366 421 4433 sic
442 4365 619 4433 Heraclitus
630 4364 780 4454 Ephesius
791 4373 822 4431 et
834 4362 1043 4450 Xenophanes
1055 4358 1266 4447 Colophonius
