2822 4540
679 317 720 382 53

112 586 135 620 „
148 536 200 612 τίς
229 561 269 618 γε
291 539 351 617 μήν
370 536 463 612 οὕτως
484 533 518 604 εύ
536 536 619 618 ήκει,
641 537 720 606 ύοτε
743 539 933 623 παριστάναι
958 550 1022 615 τοῖς
1048 541 1210 616 σίκούουσι,
1236 538 1281 620 μή

114 708 135 738 ,,
148 657 256 732 ἄλλοις
280 659 441 738 γεγονέναι
467 659 502 725 τύ
523 663 680 740 πρᾶγμα,
708 661 784 737 ήῶς
810 661 904 734 αὐτὸς
921 660 1022 740 λέγει.
1058 661 1110 727 καὶ
1131 659 1282 740 νομίσειεν

113 775 187 859 „dr
212 801 281 851 τις,
313 778 428 854 εὐήθεις
453 773 532 844 εἶναι
558 779 628 851 τοὺς
652 779 893 859 ὑπολαβόντας,
925 780 977 845 τόν
1002 778 1095 859 λόγον
1119 780 1171 844 τδν
1195 776 1281 843 κατόν

113 946 133 980 ,,
148 897 362 977 Δημοσθένους
387 893 464 964 εἶναι
489 898 610 965 τούτου.
651 901 731 965 πολὺ
756 899 818 982 γαρ
844 898 962 981 οίπόχει
991 904 1045 965 τοῦ
1068 905 1279 981 χαρακτῆρος·

111 1067 132 1100 ,,
146 1021 223 1084 αλλ’
237 1016 318 1096 ίμοις
335 1021 479 1083 τοσοῦτον
494 1018 601 1092 σκότος
621 1018 875 1095 ἐπιπεπόλακεν,
897 1017 976 1084 όίστε
997 1020 1068 1093 τοὺς
1090 1020 1147 1098 μὲν
1163 1016 1280 1092 ι’ίλλονς

111 1139 242 1219 ,αὐτοῦ
274 1137 409 1218 λόγους,
449 1138 563 1220 σχεδόν
589 1163 647 1205 που
676 1140 749 1221 ὑπὲρ
780 1139 931 1215 ἑξήκοντα
956 1139 1008 1204 καί
1033 1139 1143 1203 ἑκατὸν
1169 1136 1281 1216 όντας,

110 1306 130 1338 ,,
144 1257 270 1336 οὶγνσεῖν
291 1257 492 1337 συμβέβηκε·
507 1259 558 1323 τδν
576 1259 607 1323 δὲ
624 1259 669 1338 μή
687 1258 855 1342 γραφέντα
878 1259 930 1323 ὑπ’
945 1261 1041 1324 αὐτοῦ
1058 1256 1148 1337 μόνον
1168 1255 1281 1321 ἐκείνου

109 1375 332 1459 ,,νομίζεσθαι.
360 1377 427 1452 ήδὲ
447 1375 531 1455 λέξις
560 1378 626 1444 ἐστὶ
650 1383 704 1443 τοῦ
728 1377 902 1458 Δεινοίρχου
926 1377 1032 1460 κυρίως
1058 1376 1161 1454 ήθική,
1184 1373 1280 1448 ποίθος

110 1545 130 1576 ,,
143 1501 272 1560 κινοῦσα
294 1497 408 1577 σχεδὸν
425 1507 465 1580 σή
482 1497 589 1581 πικρία
607 1497 714 1578 μόνον,
739 1497 792 1563 καί
816 1499 858 1580 τῷ
880 1497 956 1580 τόνῳ
979 1502 1033 1563 τοῦ
1053 1497 1280 1574 Δημοσθενικοῦ

109 1664 129 1697 ,,
141 1621 342 1697 χαρακτῆρος
358 1615 542 1694 λειπομένη,
556 1622 610 1682 τοῦ
623 1618 653 1682 δὲ
669 1619 795 1683 πιθανοῦ
808 1617 861 1682 καί
877 1616 977 1698 κυρίου
992 1617 1087 1696 μηδὲν
1102 1613 1281 1681 ἔνδόουσα.”

156 1736 188 1799 2.
222 1735 279 1799 Ἐκ
307 1735 422 1800 τούτοιν
452 1734 536 1801 οὐδόν
566 1738 650 1801 ε’στιν
681 1737 750 1802 οὔτε
778 1735 926 1818 ἀκριβές,
961 1737 1037 1800 αλλ’
1070 1734 1140 1801 ούτε
1168 1733 1280 1810 οίλήθὲς

107 1853 218 1934 εὑρεῖν.
246 1853 316 1919 οὔτε
340 1854 402 1937 γθιρ
425 1855 513 1934 γένος
536 1855 683 1937 τοίνδρός,
709 1855 779 1921 οὔτε
801 1854 947 1937 χρόνους,
975 1857 1044 1920 καθ’
1059 1853 1108 1928 οὓς
1133 1849 1185 1933 ήν,
1210 1853 1280 1918 οὔτε

106 1971 224 2047 τόπον,
261 1974 292 2038 ἒν
324 1967 345 2054 ᾧ
377 1974 532 2058 διέτριψε,
565 1976 743 2051 δεδήλωκεν.
780 1973 919 2054 ὀνόματα
942 1975 974 2039 δὲ
998 1975 1090 2054 μόνον
1110 1973 1196 2038 κοινόν
1225 1972 1278 2037 καὶ

107 2091 335 2174 περιτρέχοντα
370 2095 544 2161 ἐσπούδασε
574 2095 627 2161 καὶ
665 2097 779 2170 πλήθος
804 2093 906 2173 λόγων
931 2089 1017 2162 εἶπεν
1046 2092 1140 2159 οὐδενὶ
1170 2097 1278 2158 τῶν...

106 2212 289 2296 σύμφωνον.
313 2217 339 2280 εί
362 2216 463 2282 δεῖδὲ
487 2216 673 2286 τούναντίον.

155 2333 192 2398 ln
207 2334 357 2400 Demetrii
371 2336 474 2402 verbis
485 2337 593 2423 scripsi
606 2336 810 2417 συιαγήοχοίς
823 2359 883 2423 pro
894 2335 1020 2426 vulgari
1031 2336 1223 2415 συναγήοχε.
1235 2371 1281 2382 -

106 2457 201 2519 τοῦτο
225 2454 256 2519 δὲ
281 2453 438 2536 πρᾶγμα,
462 2455 622 2520 Bentleius
646 2457 679 2520 in
702 2457 759 2545 Ep,
783 2455 822 2522 ad
845 2455 977 2522 llillium
1000 2480 1031 2543 p.
1056 2455 1120 2521 335
1144 2477 1208 2540 seq.
1229 2474 1279 2517 re·

106 2574 200 2661 ponit
229 2578 320 2638 τοῦτο
351 2573 383 2638 δὲ
417 2572 574 2654 γροίμμα,
606 2572 706 2639 altera
734 2574 801 2640 eius
827 2576 1008 2641 coniectura
1033 2576 1158 2656 δρῖομα,
1190 2581 1280 2637 utet

104 2692 166 2778 ipsi
192 2689 372 2771 videbatur,
396 2692 500 2758 minus
522 2691 631 2772 habet,
656 2715 720 2780 quo
742 2715 775 2758 se
797 2692 1003 2762 commendet.
1039 2699 1172 2775 πρῶτονι
1203 2713 1278 2777 sup·

104 2809 160 2898 ple
182 2811 383 2891 πρῶτονμὲν.
423 2810 479 2877 καί
503 2810 536 2877 νύ
562 2835 614 2877 κεν
639 2811 656 2888 ή
683 2812 897 2895 παρίλασσ”;
928 2837 992 2879 non
1015 2811 1217 2895 vocitamen,
1243 2820 1280 2875 ut

104 2928 228 3010 editur,
263 2929 317 2997 sed
348 2930 525 3013 παρέλυσα
558 2932 736 2996 Demetrius
765 2931 887 3020 legerat
914 2933 946 2996 in
976 2931 1105 2997 Homeri
1126 2930 1224 2997 Iliade
1246 2939 1276 2995 Ψ

106 3052 185 3120 382.
231 3054 303 3118 llox
336 3051 494 3116 πειστικόν
527 3061 558 3116 et
596 3049 787 3132 consorcium
822 3074 880 3139 pro
910 3049 1047 3139 vulgatis
1075 3051 1217 3116 πιστικθν
1247 3061 1279 3116 et

106 3170 309 3254 παριστοίνειν
332 3171 462 3237 restitui.
485 3209 531 3222 —
546 3177 689 3237 τοσοῦτον
711 3169 819 3244 σκότος
845 3169 1096 3235 ε’πιπεπόλακεντ
1121 3169 1279 3238 Victorius

106 3291 139 3356 in
173 3289 308 3356 editione
341 3291 482 3377 principe
506 3289 636 3356 dederat
668 3291 831 3364 τοσούτους
865 3288 997 3360 σκότους
1033 3287 1273 3364 ἐπιπεπόλήκεν.

106 3399 296 3496 Sylburgius
324 3408 441 3475 infelici
469 3409 650 3475 coniectura
680 3408 863 3475 coniiciebat
888 3411 1033 3472 τοσοῦτον
1055 3401 1140 3480 οὗτος
1165 3409 1275 3474 ἐπιπε-

106 3527 257 3594 πόλακεν.
277 3565 322 3577 -
342 3528 454 3608 σχεδόν
477 3553 536 3595 που
560 3528 634 3610 ὑπὲρ
653 3528 802 3606 ἑξήκοντα
817 3526 869 3591 καί
892 3526 1003 3590 ἑκατόν
1022 3523 1113 3597 θντας
1136 3525 1272 3603 οίγνοεῖν.

105 3648 143 3713 In
169 3646 218 3712 his
242 3669 301 3734 pro
325 3648 450 3725 ἀγνοεῖν
474 3647 682 3736 Sylburgium
711 3656 795 3712 recte
825 3646 996 3712 correxisse
1018 3645 1197 3724 ἀγνοεῖσθαι
1221 3643 1275 3708 de·

107 3775 262 3832 monstrat
289 3765 475 3849 νομίζεσθαι.
521 3769 687 3832 Praeterea
717 3764 888 3855 legendum
918 3764 1031 3846 σχεδόν
1053 3789 1083 3829 τι
1107 3763 1180 3845 ὑπὲρ
1202 3763 1275 3841 ἐξή-

107 3887 188 3951 κοντ’
210 3883 321 3964 ὄντας,
352 3886 516 3972 expunctis
538 3886 591 3951 καί
613 3886 740 3972 ἑκατὸν,
768 3908 849 3973 quae
877 3884 974 3950 verba
996 3907 1035 3948 ex
1063 3882 1274 3972 dittographia

106 4015 181 4072 nata
198 4015 288 4084 sunt,
312 4004 341 4082 ξ’
356 4013 388 4070 et
405 4005 431 4087 ρ’
456 4003 606 4088 conlusis3
626 4005 658 4075 id
677 4004 827 4071 mendum
846 4005 918 4070 satis
941 4013 1030 4068 vetus
1052 4025 1118 4067 esse
1140 4000 1274 4068 ostendit

27 4151 29 4160 ·
106 4122 217 4190 suidas
247 4145 277 4190 v.
309 4125 497 4206 Δείναρχος,
530 4136 562 4191 at
591 4124 741 4190 mendum
763 4147 827 4190 csse
850 4122 1038 4189 confirmant
1059 4120 1124 4206 ipse
1146 4119 1272 4199 Suidas,

105 4240 400 4329 pseudo-Plutarch.
422 4245 477 4312 vit.
491 4246 531 4312 X.
545 4267 591 4310 or.
603 4268 635 4332 p.
649 4244 714 4310 850
737 4253 766 4308 ct
789 4242 863 4308 hino
885 4241 1013 4308 Photius
1032 4238 1100 4306 cod.
1115 4239 1195 4318 267,
1220 4241 1275 4325 qui

107 4361 149 4428 64
172 4365 328 4432 orationes
349 4366 503 4454 genuinas
526 4365 647 4447 dicunt;
672 4364 737 4452 ipse
759 4362 926 4451 Dionysius
948 4359 1047 4428 Halic.
1079 4359 1273 4424 Demetrium
