2848 4546
700 294 740 359 68

126 519 240 585 τονίαν·
271 516 415 598 πέμπτος
438 515 599 598 Ταρσεύς,
625 517 797 599 γεγραφὼς
823 514 890 596 περί
916 520 1078 590 ποιητικῶν
1107 511 1294 598 ζητημάτων

125 639 146 705 έν
170 639 255 705 λιίειν
279 641 441 720 ἐπιχειρεῖ.

137 831 141 838 ,
167 761 299 840 πρῶτος,
332 756 599 832 Ἀπολλυνιοίτης
646 756 802 843 Diogenes
837 754 979 820 Laertius
1013 763 1118 841 postea
1148 754 1180 822 in
1212 753 1296 819 libro

87 913 89 918 ·
123 880 178 986 IX?
210 880 263 942 57.
294 878 432 942 breviter
465 875 683 964 Apolloniatae
714 875 777 939 vita
806 885 951 950 narrata,
976 873 1098 960 plenius
1120 898 1160 940 ex
1182 876 1296 940 Deme·

122 999 183 1064 trio
213 1001 371 1088 Magnete,
407 997 536 1062 nomine
565 1019 629 1061 non
653 995 808 1081 apposit0,
833 995 995 1080 exscripsit
1016 994 1140 1060 initium
1163 993 1294 1080 Apollo-

121 1121 225 1183 niatae
255 1118 372 1204 operis3
405 1115 512 1182 habet:
543 1115 627 1196 οίρχη
661 1115 693 1179 δὲ
729 1115 812 1196 αὐτῷ
848 1117 902 1178 τοῦ
937 1113 1193 1195 σνγγροίμματος
1228 1113 1292 1190 ἥδε·

121 1236 254 1320 ,,Λέγον
293 1237 410 1309 παντὸς
450 1235 622 1316 οίρχίμενον
661 1234 755 1300 δοκέει
790 1257 840 1312 μοι
871 1235 968 1314 χρεὼν
1006 1229 1083 1302 εἶναι
1112 1235 1168 1308 την
1190 1234 1293 1314 ἀρχὴν

122 1359 410 1440 ἀναμφισβήτητον
437 1355 647 1437 παρέχεσθαι,
671 1355 726 1430 την
752 1355 779 1420 δ’
809 1353 969 1434 ἑρμηνείαν
995 1355 1100 1428 απλῆν
1127 1354 1180 1442 καί
1215 1379 1293 1432 σεμ-

121 1476 207 1553 νη’ν.”
233 1487 264 1541 et
286 1476 396 1563 supple
419 1477 474 1549 την
499 1476 564 1554 μὲν
587 1476 699 1556 ἀρχὴν.

163 1595 263 1676 τρίτος
287 1596 380 1666 αὐτὸς
397 1590 494 1666 οὗτος.
512 1595 578 1660 scil.
602 1595 756 1682 Diogenes
782 1595 978 1679 Sinopensis,
1002 1592 1122 1658 ίκιίων.
1148 1593 1292 1680 Dioge·

118 1739 188 1780 nes
210 1716 243 1780 L.
268 1717 322 1783 Vl.
350 1717 390 1780 79
415 1715 590 1796 Δημήτριος
618 1715 643 1780 δ’
667 1717 697 1778 ἐν
717 1723 781 1786 τοῖς
802 1715 999 1793 Ὁμωνύμοις
1019 1714 1097 1796 φησί
1118 1720 1174 1788 τῆς
1191 1715 1291 1785 αὐτῆς

118 1834 235 1915 ἡμέρας
270 1833 472 1914 Ἀλέξανδρον
501 1834 559 1912 μὲν
591 1836 620 1899 ἕν
654 1833 834 1911 Βαβυλῶνι,
873 1834 1023 1913 Διογένην
1049 1835 1074 1898 δ’
1102 1836 1132 1899 ἕν
1162 1832 1290 1914 Κορίνθῳ

118 1960 319 2027 τελευτῆσαι.
367 1953 446 2022 Vide
468 1963 611 2018 auctores
634 1953 778 2018 laudatos
800 1976 819 2018 a
842 1953 988 2019 Clintono
1010 1955 1042 2017 F.
1057 1955 1094 2020 H.
1119 1959 1161 2020 a⁰.
1190 1952 1267 2019 323.

161 2073 322 2154 τέταρτος·
347 2071 491 2146 στωικός,
514 2071 602 2150 γένος
626 2071 819 2146 Σελευκειίς,
845 2071 931 2137 isai
957 2072 1152 2151 Βαβυλώνιος
1176 2070 1292 2137 καλού-

117 2215 207 2269 μενος
232 2191 282 2256 δια
306 2191 361 2266 την
384 2191 551 2269 γειτονίαν.

161 2312 322 2376 Postrema
344 2310 441 2374 verba
464 2311 516 2390 δια
539 2311 595 2384 την
620 2309 791 2388 γειτονίαν,
825 2332 905 2397 quae
927 2312 960 2376 in
982 2310 1169 2376 Florentinis
1191 2333 1291 2377 mem·

115 2431 220 2496 branis
253 2431 416 2517 Menagius
450 2430 493 2495 eit
522 2429 708 2508 desiderari,
745 2429 917 2496 abiicienda
947 2441 1036 2510 sunt;
1066 2441 1177 2495 notum
1205 2431 1290 2498 enim

115 2559 199 2628 erat,
225 2551 368 2637 quiquis
392 2551 533 2615 Seleucia
557 2550 709 2614 oriundus
727 2549 884 2616 diceretur
902 2549 1110 2638 Babylonius,
1135 2561 1166 2616 et
1181 2551 1291 2618 eadem

116 2671 319 2736 commutatio
353 2693 417 2734 non
452 2669 635 2756 infrequens
668 2669 743 2748 fuit,
780 2693 810 2737 v.
843 2695 870 2737 c.
902 2671 1015 2735 Strabo
1045 2694 1075 2757 p.
1110 2671 1139 2737 6.
1172 2671 1290 2738 refutat

114 2789 348 2876 Hipparchum,
372 2789 427 2874 qui
450 2811 526 2853 usus
549 2798 617 2853 erat
639 2797 715 2853 teste
739 2789 884 2870 Σελεύκῳ
908 2791 950 2870 τῷ
973 2788 1180 2871 Βαβυλωνίῳ,
1204 2789 1289 2857 idem

114 2909 166 2974 hic
195 2920 241 2973 est
269 2908 441 2982 Σέλευκος,
479 2931 574 2994 quem
598 2931 637 2972 ex
660 2907 825 2972 Posidonio
848 2907 961 2973 Strabo
983 2932 1014 2994 p.
1042 2910 1106 2973 174
1128 2909 1234 2990 affert,
1258 2921 1290 2976 et

113 3051 208 3115 quem
239 3049 270 3113 p.
299 3025 361 3090 739
390 3026 472 3090 inter
503 3025 670 3110 οίξιλίγονς
697 3027 730 3091 in
753 3025 927 3114 Babylonia
950 3037 1039 3092 natos
1069 3027 1152 3092 viros
1180 3051 1288 3094 recen-

113 3150 175 3214 suit
208 3148 255 3212 his
286 3145 403 3210 verbis:
436 3145 517 3228 „usi
549 3145 703 3219 Σέλευκος
735 3148 761 3211 δ’
786 3146 798 3210 o‘
821 3148 885 3212 οίπὸ
906 3154 963 3222 τῆς
985 3147 1175 3220 Σελευκείας
1201 3158 1288 3212 Χαλ-

113 3267 232 3340 δαῖος”.

157 3386 305 3452 Occurrit
293 3383 411 3472 tapud
434 3383 684 3471 Athenaeump.
710 3387 823 3451 alta.
853 3386 1041 3466 Δογένηςί
1063 3386 1286 3468 Επικοιίρειος,

114 3508 221 3592 quir
201 3507 236 3570 τὸ
264 3506 320 3583 μέν
349 3498 480 3583 γένος
463 3528 496 3578 ην
521 3505 555 3568 έκ
580 3504 789 3580 Σελευκείας,
819 3507 917 3580 τής
903 3531 933 3571 εν
961 3506 1144 3584 Βαβυλῶνι,
1170 3508 1289 3593 quique

113 3649 178 3691 non
219 3623 401 3710 displicebat
442 3623 622 3689 Alexandro
661 3623 772 3703 Balae,
820 3626 929 3712 Syriae
963 3627 1041 3714 regi.
1099 3625 1161 3690 Sed
1200 3651 1288 3694 nun-

114 3767 209 3832 quam
245 3744 306 3808 fuit
334 3745 488 3831 Diogenes
521 3743 709 3829 Epicureus,
745 3742 887 3808 Seleucia
922 3745 1089 3824 oriundus,
1123 3745 1208 3832 quod
1239 3746 1289 3812 aio

113 3865 200 3928 nisus
238 3864 424 3926 auctoritate
457 3864 608 3929 Demetrii
641 3865 810 3950 Magnetis,
847 3875 879 3930 et
912 3865 976 3931 alto
1010 3861 1132 3932 silentio
1166 3875 1286 3932 cetero-

113 4006 201 4062 rum,
227 3981 340 4068 quibus
363 3981 508 4047 omnibus
533 3983 589 4048 iste
615 3982 712 4048 homo
738 3983 898 4048 inauditus
921 3995 976 4051 est.
1015 3985 1192 4052 Athenaeus
1214 3985 1287 4071 plus

113 4104 259 4169 trecentis
315 4103 404 4168 annis
457 4111 527 4187 post
573 4101 791 4170 Alexandrum
836 4104 946 4171 Balam
993 4105 1130 4172 scribens
1175 4115 1285 4172 testem

113 4224 271 4290 neminem
306 4221 431 4301 laudat,
466 4221 525 4287 nisi
560 4245 591 4287 se
618 4223 742 4310 ipsum,
778 4225 811 4290 in
843 4223 924 4292 libro
954 4226 1021 4307 περὶ
1048 4233 1107 4291 τῶν
1132 4227 1161 4290 έν
1185 4225 1284 4312 Συρία

112 4340 382 4422 βασιλευσάντων.
434 4342 483 4407 An
517 4342 696 4410 Athenaeus
717 4347 856 4414 Stoicum
880 4348 1087 4436 Babylonium
1112 4369 1186 4412 cum
1209 4349 1286 4412 Tar-
