2848 4546
699 298 740 364 72

141 541 173 583 se
195 519 418 606 praedicabant
440 523 678 596 αὐτοδιδάκτονς
694 524 974 614 (DiogenesL.IX.
988 522 1007 588 5
1021 531 1053 588 et
1067 521 1133 612 18).
1167 523 1206 586 Et
1218 519 1271 585 alii
1283 527 1317 585 et
1409 539 1410 550 ¹

142 640 321 708 Heraclides
342 644 375 708 in
399 645 533 709 Sotionis
566 645 701 730 epitome
738 644 904 733 (Diogenes
937 645 970 708 L.
995 646 1035 709 X.
1063 642 1094 732 1)
1120 641 1317 728 scripserunt

140 739 1315 852 Epicurum,duodevicesimumaetatisannumagentem,Athenasvenisse,

142 900 206 963 quo
218 891 360 967 tempore
371 885 563 949 Xenocrates
571 885 603 948 in
615 884 795 962 Academia,
803 881 985 948 Aristoteles
996 883 1029 947 in
1037 880 1183 948 Chalcide
1191 879 1318 947 scholas
1411 933 1412 980 2

141 996 307 1066 habebant.
343 1003 451 1068 Cicero
473 1005 543 1070 Nat.
568 1005 660 1097 Deor.
680 1006 705 1067 1.
726 1005 768 1068 26
792 1013 958 1088 postquam
982 1003 1120 1067 suaviter
1142 1002 1318 1088 Epicurum

141 1117 269 1198 riserat,
305 1123 360 1206 qui
393 1123 586 1210 gloriaretur
620 1147 652 1189 se
685 1121 873 1212 magistrum
909 1122 1053 1190 habuisse
1091 1120 1237 1199 nullum,
1273 1120 1319 1184 ita
1412 1129 1413 1148 ¹

141 1239 262 1325 pergit:
295 1244 532 1322 „Xenocratem
563 1243 673 1309 audire
703 1245 820 1330 potuit:
854 1253 886 1309 et
913 1253 988 1309 sunt
1011 1244 1066 1330 qui
1089 1252 1201 1328 putent
1226 1239 1319 1306 audi-

142 1356 237 1438 visse3
274 1360 340 1446 ipse
374 1385 438 1428 non
472 1363 573 1430 vult.’'
609 1364 648 1429 of.
683 1387 780 1451 supra
807 1388 847 1452 1ρ).
875 1365 933 1442 19,
969 1375 1001 1430 et
1034 1363 1145 1430 Euseb.
1177 1363 1230 1428 Pr.
1261 1362 1319 1424 Ev.

143 1477 228 1546 XIV.
253 1502 284 1565 p.
310 1481 384 1546 768.

188 1599 389 1688 Diogenes
411 1604 445 1667 L.
469 1606 508 1668 X.
533 1603 587 1670 26.
627 1602 734 1669 ’Ἦσαν
763 1605 794 1670 δὲ
819 1604 872 1668 καί
894 1601 987 1669 άλλοι
1013 1601 1186 1681 Ἐπίκουροι
1212 1605 1318 1679 τρεῖς,

144 1715 160 1780 ί
174 1742 209 1781 τε
221 1720 375 1793 Λεοντέως
389 1722 450 1794 vids
464 1723 516 1788 καί
532 1723 712 1803 Θεμίστας,
726 1721 825 1803 ἕτερος
838 1721 992 1800 Μάγνης,
1005 1721 1105 1802 τρίτος
1120 1716 1321 1797 immimi-

191 1834 210 1902 ά
233 1863 268 1904 τε
289 1841 443 1914 Λεοντέως
470 1844 533 1916 cide
557 1843 610 1908 καί
639 1843 814 1922 Θεμίστας.
863 1843 1053 1922 Leonteum,
1077 1839 1172 1905 huius
1193 1836 1323 1925 Epicuri

148 1971 269 2046 patrem
307 1985 372 2026 non
402 1961 513 2028 dubito
551 1965 628 2049 quin
666 1962 748 2029 idem
786 1964 825 2028 sit
858 1972 954 2049 atque
986 1962 1028 2039 is,
1064 1983 1159 2047 quem
1193 1962 1325 2048 Epicuri
1416 2025 1417 2028 ,

150 2079 327 2168 philosophi
349 2083 486 2149 amicum
519 2083 613 2148 fuisse
644 2082 718 2149 dicit
745 2083 858 2148 Strabo
888 2106 919 2169 p.
945 2082 1024 2146 599:
1061 2080 1140 2162 „nal
1166 2082 1260 2154 αὐτὸς
1288 2061 1323 2147 δὲ

150 2185 340 2282 Ἐτίκονρος
360 2203 437 2286 (scil.
461 2199 677 2293 philosophus)
703 2202 812 2284 τρίτον
836 2203 907 2268 τινά
933 2201 1155 2282 Λαμψακηνὸς
1188 2199 1323 2282 ὑπῆρξε,
1417 2239 1418 2248 ¹

150 2319 318 2401 διατρίψας
355 2323 386 2386 ἐν
426 2323 602 2406 Λαμψάκῳ
643 2323 810 2412 (Epicurus
843 2322 887 2387 ibi
920 2344 978 2408 per
1011 2319 1191 2406 complures
1224 2342 1326 2385 annos

152 2438 279 2520 docuit,
308 2441 397 2530 Diog.
422 2444 455 2508 L.
481 2445 522 2508 X.
548 2444 599 2530 15)
634 2443 686 2508 aad
717 2443 821 2525 φίλοις
857 2439 1057 2522 χρησάμενος
1091 2447 1156 2511 τοῖς
1186 2437 1325 2519 άρίστοις
1418 2463 1419 2484 ³

150 2565 209 2624 τῶν
230 2562 260 2626 ἕν
289 2569 328 2643 τῇ
366 2560 455 2627 τίλει
489 2563 608 2644 ταύτῃ,
644 2569 708 2634 τοῖς
741 2561 809 2643 περὶ
844 2561 1000 2638 Ἰδομενέα
1026 2557 1078 2623 καί
1113 2556 1325 2622 Λεοντένι.”

152 2681 307 2746 heonteus
329 2682 458 2767 eiusque
481 2704 563 2748 uxor
586 2682 759 2759 Themista,
784 2680 824 2746 ad
854 2675 949 2766 quam
981 2679 1135 2763 Epicurus
1163 2674 1328 2762 epistolem

156 2799 240 2865 dedit
265 2801 368 2889 (Diog.
391 2803 425 2865 l..
449 2803 489 2866 X.
514 2800 546 2889 5)
579 2801 662 2866 inter
686 2801 813 2887 Epicuri
843 2798 1011 2885 discipulos
1041 2819 1114 2864 cum
1145 2795 1213 2861 aliis
1235 2797 1329 2860 Lam-

158 2921 300 3005 psacenis
334 2920 465 2985 fuerunt
497 2923 601 3009 (Diog.
631 2923 665 2988 L.
697 2924 737 2987 X.
769 2919 840 3006 25);
874 2919 921 2985 illi
948 2917 1092 2983 admirati
1115 2931 1146 2981 et
1165 2915 1331 3004 diligentes

157 3040 328 3125 Epicurum
352 3041 596 3127 philosophum,
621 3041 660 3106 ab
694 3065 732 3106 eo
762 3041 862 3106 filium
894 3062 986 3105 suurn
1019 3035 1329 3127 cognominaverint,

159 3159 288 3246 eiusque
310 3160 455 3247 exemplo
478 3160 518 3228 ad
541 3161 754 3248 philosophiae
776 3161 915 3232 studium
939 3158 1133 3245 impulerint.

205 3279 453 3360 ὁπλομάχος.
500 3281 653 3346 ductores
686 3286 841 3346 τακτικῶν
879 3291 910 3344 et
944 3277 1167 3358 ὃτλομάχονς,
1203 3263 1258 3361 qui
1292 3272 1332 3338 de

160 3408 228 3462 arte
251 3421 307 3462 sua
330 3400 497 3486 scripsere,
522 3424 561 3466 ex
584 3400 731 3479 Platone,
756 3400 965 3487 Xenophonte
988 3398 1117 3484 aliisque
1135 3397 1229 3462 affert
1251 3395 1331 3459 Gra-

160 3515 288 3584 fenhan.
313 3520 336 3584 l.
362 3521 427 3584 308
451 3542 536 3606 seqq.

608 3677 882 3734 ElllMENIAAI.

209 3882 239 3944 1.
263 3878 524 3963 Epimenides
546 3880 767 3946 Cretensis.

206 3997 412 4084 Diogenes
434 3998 467 4065 L.
492 3999 517 4064 Ι.
546 4000 620 4075 114,
649 3998 728 4080 φησί
756 3998 787 4062 δὲ
813 3997 989 4077 Δκμνίτριος
1013 3994 1101 4068 τινάς
1125 3996 1273 4078 ἱστορεῖν,
1294 3995 1332 4066 ὥς

159 4114 255 4194 λάβοι
290 4116 377 4197 ταρά
409 4121 536 4199 νυμφῶν
569 4115 688 4197 ἔδεσμά
714 4142 744 4182 τι
772 4117 824 4184 καὶ
860 4115 1020 4199 φυλάττοι
1058 4117 1088 4179 ἐν
1122 4122 1210 4194 χηλῇ
1247 4111 1332 4192 βοάς.

161 4234 403 4318 τροςφερίμενάς
437 4259 473 4299 τε
508 4240 580 4301 κατ’
604 4236 708 4317 ὀλίγον
729 4239 869 4320 μηδεμιᾷ
893 4231 1232 4312 κενοῦσθαιάιτοκρίσει
1257 4230 1333 4309 μηδὲ

160 4354 293 4434 ίΦίῆναί
316 4377 392 4420 τοτε
417 4356 531 4422 ἕσίιίον.
