2848 4546
636 285 675 347 75

60 506 149 570 δοκεῖ
172 503 222 578 δέ,
255 503 354 586 φησί,
377 504 428 568 aci
451 503 590 575 τὸτέλος
617 506 710 576 αὐτὸς
731 505 829 585 ὄρίσοιι
855 512 914 571 τῶν
937 507 1144 586 πλοινωμίνων
1167 509 1234 590 περί

59 623 121 696 τοὶς
147 621 343 704 ἀποφάσεις.

105 741 234 824 τρίτος,
256 741 365 816 Ῥόδιος
392 744 448 817 τὴν
479 743 616 808 ἐντόπιον
648 744 784 825 ἱστορίαν
819 748 991 827 γεγραφὼς
1016 745 1144 811 ἓνιοιίοιν.
1192 748 1237 812 De

60 864 195 927 Zenone
224 861 348 927 Rhodio
370 864 519 942 πολιτικῷ
548 868 736 945 συγγραφεῖ
754 864 878 952 Polybii
900 875 1068 930 coaetaneo
1091 864 1161 932 vide
1183 866 1238 932 ad·

59 991 175 1048 notata
194 980 234 1046 ad
246 981 462 1048 Antisthenen
472 981 631 1050 Rhodium
647 993 678 1048 et
688 983 857 1049 Mullorum
869 986 902 1048 F.
913 987 951 1050 H.
965 985 1021 1054 Gr.
1033 987 1091 1054 Ill.
1106 988 1181 1054 174.
1194 1027 1238 1037 -

60 1100 173 1164 ἐνιιιί
181 1125 241 1166 aa:
267 1100 388 1168 codices
404 1101 591 1180 Florentini,
617 1111 693 1170 teste
709 1103 854 1191 Menagio
870 1103 987 1172 habent
1004 1106 1034 1172 ἐν
1052 1104 1119 1180 νέοι.
1142 1105 1238 1172 Suida

59 1221 169 1286 ἐνίπιοι
192 1221 368 1307 explicante
390 1245 448 1308 per
469 1223 636 1301 μοιιιδικίι,
667 1222 868 1290 Casaubonns
891 1247 948 1310 pro
971 1225 1097 1313 vulgari
1120 1225 1236 1292 ἒνιιιίοιν

58 1341 207 1427 reposuit
233 1341 369 1410 ὲιιοιίοιν.
402 1352 439 1406 ut
467 1364 555 1408 nunc
584 1343 616 1407 in
647 1342 811 1408 Didotiana
838 1343 971 1410 editione
997 1345 1132 1432 legitur,
1162 1347 1183 1414 i.
1208 1371 1235 1413 e.

59 1463 228 1528 historiam
252 1461 464 1550 singularem,
489 1463 552 1528 sive
575 1463 729 1550 singulari
752 1462 913 1530 volumine
935 1475 1125 1535 contentam.
1145 1467 1239 1548 Quod
1261 1533 1263 1536 .

61 1605 166 1670 quum
198 1605 313 1670 parum
342 1583 530 1670 probaretur
560 1583 712 1661 Mullero,
744 1584 774 1648 ei
801 1585 902 1673 magis
925 1583 1082 1652 arridebat
1104 1585 1237 1674 Menagii

61 1704 250 1770 coniectura
268 1704 298 1766 ἐν
313 1702 356 1768 ἰοί
377 1701 519 1790 legentis.
566 1705 687 1771 Verum
709 1704 872 1791 lllenagius
894 1727 959 1768 non
982 1704 1058 1770 vidit
1080 1703 1120 1769 ab
1143 1707 1174 1769 ἕν
1192 1705 1237 1772 ic‘

32 1825 34 1830 ’
61 1823 173 1889 abesse
195 1846 260 1888 non
284 1845 372 1908 posse
401 1845 469 1888 voc.
489 1822 628 1900 βιβλίοις
657 1831 688 1887 et
717 1845 831 1908 parum
856 1823 987 1888 curabat
1014 1823 1183 1909 depravata
1206 1825 1237 1888 ἐν

62 1943 144 2019 νέοι,
172 1942 257 2030 quod
278 1965 343 2008 non
366 1943 475 2027 potest}
487 1953 672 2027 corruptum
695 1965 760 2007 esse
783 1965 822 2007 ex
846 1944 875 2006 ἕν
899 1943 960 2016 ίοι’;
990 1941 1086 2030 longe
1108 1943 1238 2028 peritius

62 2070 178 2149 egerat
201 2061 412 2128 Casaubonus.
464 2064 537 2128 Post
558 2060 644 2128 hunc
666 2061 819 2127 lllullerus
841 2061 1004 2148 proposuit
1027 2061 1234 2134 ἕνιοινοιοιίοον,

64 2179 154 2266 quod
172 2179 315 2249 Valesius
333 2180 487 2248 coniicere
506 2182 680 2268 occupavit.
726 2183 828 2259 Zeno,
853 2182 897 2248 ait
912 2180 1081 2258 Mulierus,
1102 2181 1144 2246 ita
1162 2203 1236 2247 nar-

65 2298 204 2366 rationes
227 2299 407 2388 digesserit,
433 2310 470 2366 ut
500 2301 772 2387 comprehenderit
794 2324 844 2366 res
867 2323 948 2386 quae
970 2323 1036 2366 uno
1063 2300 1236 2387 eodemque

66 2443 152 2485 anno
182 2431 372 2500 evenerunt,
406 2431 437 2486 et
462 2420 548 2487 addit
577 2422 720 2486 ε’νιοιύοιοι
751 2419 811 2484 dici
844 2419 997 2498 Annales,
1024 2419 1236 2506 adiectivaque

67 2539 216 2615 ἕνιοιιίοιος
236 2549 267 2606 et
285 2541 468 2614 ἒνιοιοοίιοιος
488 2542 665 2628 promiscue
685 2540 841 2626 usurpari.
867 2540 974 2621 Quum
990 2560 1066 2628 ¹vero
1085 2539 1233 2612 ἕνιοιύοιος

66 2661 169 2726 Attica
189 2661 291 2727 forma
309 2672 370 2740 est,
395 2662 427 2726 in
441 2662 556 2728 ἕνιοιίιιν
570 2662 673 2748 potius
690 2660 798 2726 latebit
814 2660 987 2733 ἕιιοινοίοιν,
1010 2659 1049 2726 cf.
1063 2659 1233 2746 Phrynich.

66 2804 95 2867 p.
121 2781 185 2848 362
207 2781 283 2852 Lob.

113 2903 266 2982 πέμπτος.
313 2905 400 2968 Zeno
418 2904 576 2970 Tarsensis
595 2925 658 2968 non
679 2902 782 2987 inepte
802 2900 996 2966 allemetrio
1016 2897 1130 2964 dicitur
1149 2897 1231 2964 mul-

70 3034 114 3088 tos
136 3020 259 3107 quidem
283 3021 450 3109 discipulos
472 3023 631 3100 habuisse,
657 3044 774 3107 paucos
793 3042 868 3084 vero
884 3019 980 3084 libros
1000 3019 1229 3104 conscripsisse;

71 3140 127 3206 hoc
148 3141 230 3207 enim
253 3153 364 3207 notatu
388 3141 519 3230 dignum
543 3142 575 3207 in
599 3140 754 3226 discipulo
773 3138 938 3226 Chrysippi
957 3137 1068 3216 Stoici,
1087 3151 1233 3223 ‚quocum

72 3259 151 3328 solus
181 3263 337 3348 Epicurus
371 3263 410 3328 de
444 3262 618 3348 quantitate
652 3261 902 3346 conscriptorum
930 3257 1084 3322 librorum
1109 3265 1230 3322 certare

72 3385 175 3470 potuit.
208 3386 355 3449 Ceterum
383 3383 576 3460 Demetrius,
609 3382 660 3446 cui
683 3380 855 3461 γεγραφὼς
880 3377 1015 3444 scribere
1037 3375 1142 3452 licuit,
1171 3398 1230 3441 cur

72 3529 125 3591 pro
145 3505 326 3570 κοιτοιλιπών
357 3502 503 3568 maluerit
529 3501 604 3566 dare
635 3500 873 3571 ravenatensis
898 3496 1001 3562 dicere
1024 3494 1148 3560 difficile
1156 3519 1164 3575 ;
1190 3493 1229 3560 de

72 3622 212 3692 eiusmodi
234 3621 407 3706 κοικοζιιλίοι
431 3620 500 3687 vide
523 3620 673 3704 Quinctil.
694 3623 719 3684 I.
740 3617 778 3684 O.
806 3619 889 3686 Vlll.
915 3618 989 3683 700.
1013 3616 1049 3678 Β.

112 3747 189 3810 Zeno
213 3743 370 3808 Tarsensis
393 3741 562 3828 discipulus
585 3751 617 3806 et
634 3741 666 3806 in
686 3739 792 3806 schola
812 3759 970 3803 successor
988 3735 1152 3822 Chrysippi
1169 3733 1228 3799 fuit

73 3867 102 3932 a⁰
123 3865 196 3941 207,
225 3870 262 3927 ut
283 3861 507 3928 demonstravit
533 3859 726 3947 Lyndenius,
759 3856 809 3922 vel
839 3857 940 3943 potius
963 3851 1227 3941 Wyttenbachius

73 3985 102 4050 in
122 3981 265 4048 dissertat.
289 3979 327 4048 de
350 3981 499 4046 Panaetio
518 3979 641 4046 Rhodio
664 4003 695 4065 p.
721 3978 862 4043 13-16.
908 3977 1085 4041 Stoicorum
1110 3973 1227 4062 dogma

75 4112 133 4170 erat
151 4125 258 4168 rerum
289 4109 436 4166 naturam
465 4101 532 4189 igni
561 4107 797 4166 concrematum
828 4097 883 4176 iri3
912 4096 963 4162 hic
985 4117 1062 4162 vero
1084 4095 1170 4158 Zeno
1192 4092 1225 4157 in

76 4246 170 4290 eorum
199 4232 269 4290 erat
301 4244 451 4300 numero,
484 4222 538 4308 qui
566 4243 603 4288 ea
632 4219 671 4286 de
701 4242 737 4284 re
767 4216 926 4284 malebant
952 4217 1115 4294 ἐπισχεῖν,
1140 4209 1252 4297 quod.

76 4351 206 4410 narratur
228 4345 260 4409 in
283 4341 415 4410 Eusebio
439 4343 471 4409 P.
492 4343 526 4406 E.
550 4343 618 4412 XV.
645 4341 696 4408 18.
729 4338 893 4405 Clintonus
915 4337 948 4400 F.
972 4337 1010 4398 H.
1029 4334 1085 4398 lll.
1109 4355 1136 4396 a.
1157 4331 1223 4398 207
