2822 4540
647 289 688 354 st

80 513 225 596 ποταμὸν
251 513 416 580 Ἀπιδανδν
438 520 493 588 τῆς
518 511 661 595 Τρωοέδος
681 513 778 596 φασίν
801 513 990 595 „latiariter
1012 517 1054 590 εἰς
1077 518 1132 592 τὴν
1152 516 1244 584 ἑσπέ-

78 659 140 714 ριον
166 632 354 726 tenacem?
378 636 416 707 ὡς
440 633 643 712 Τιμοσθένης.

126 753 307 840 Apidanum
337 754 429 820 fuisse
458 755 632 820 Thessaliae
654 753 790 832 flumen,
831 764 867 819 ut
892 777 948 820 nos
977 756 1021 821 sic
1055 755 1248 841 Stephanum

78 873 195 938 Strabo
218 895 248 959 p.
274 875 339 938 432
362 883 393 939 et
416 874 481 939 356
505 873 655 942 docuerit.

535 1122 799 1182 ΑΡΙΣΤΙΠΠΟΙ.

125 1356 323 1443 Diogenes
345 1354 379 1417 L.
402 1354 443 1418 Il.
469 1355 524 1419 83.
546 1353 698 1432 Γεγόνασι
723 1356 749 1420 δ’
770 1354 968 1435 Ἀρίστιπποι
992 1354 1155 1436 τέσσαρες·
1182 1356 1248 1437 περὶ

79 1471 115 1540 οὖ
140 1499 176 1541 τε
202 1473 333 1554 ἑλάνας
353 1473 406 1540 καὶ
432 1473 569 1554 δεύτερος
594 1473 608 1536 ὅ
630 1474 673 1539 roi
696 1476 765 1556 περὶ
788 1473 956 1556 Ἀρκαδίας
978 1475 1163 1557 γεγραφώς·
1186 1475 1250 1554 πρί-

79 1618 132 1668 τος
152 1593 167 1658 ἃ
185 1593 445 1675 μητροδίδακτος,
470 1593 672 1674 θυγατριδοῦς
691 1598 745 1659 τοῦ
768 1599 899 1674 πρώτον·
923 1594 1072 1676 τέταρτος
1099 1595 1113 1658 ὁ
1140 1596 1174 1660 εἰι
1193 1603 1249 1670 τῆς

80 1713 231 1794 νεωτέροις
255 1711 483 1792 Ἀκαδημείας.

125 1833 139 1896 ὁ
160 1831 203 1896 τδι
222 1831 290 1912 περὶ
309 1830 476 1912 Ἀρκαδίας
496 1831 680 1912 γεγραφώς.
710 1834 801 1898 Hunc
813 1833 940 1901 Vossius
950 1835 989 1900 H.
1002 1833 1060 1900 Gr.
1072 1857 1103 1919 p.
1117 1835 1181 1900 402
1193 1835 1248 1900 W.

79 1962 113 2020 et
133 1950 288 2018 Mulieres
308 1951 341 2015 F.
360 1951 398 2014 Η.
416 1950 472 2017 Gr.
492 1951 548 2019 IV.
572 1953 648 2016 327.
678 1951 761 2018 inter
789 1950 951 2018 historicos
979 1951 1117 2017 incertae
1145 1953 1253 2018 aetatis

79 2070 270 2138 retulerunt.
315 2071 362 2134 Dx
392 2069 576 2158 fragmentis
598 2091 617 2134 a
640 2068 773 2134 Mnllero
796 2069 933 2135 collectis
955 2069 1059 2156 palam
1084 2069 1134 2149 tit,
1159 2093 1253 2148 eum,

80 2191 137 2278 qni
160 2189 290 2258 forsitan
311 2189 462 2276 Aristippi
482 2191 635 2277 Cyrenaei
658 2200 821 2278 nepotem,
846 2191 897 2258 τὸν
920 2189 1177 2271 μνπρόδιδακτων,
1199 2212 1250 2254 ae-

78 2321 144 2376 tate
167 2309 380 2387 antecesserit,
404 2318 547 2396 tempora
570 2311 786 2396 antiquissima
806 2308 844 2376 de
866 2309 1001 2376 Arcadia
1023 2310 1056 2373 in
1079 2331 1136 2374 suo
1156 2331 1250 2402 opere

80 2440 246 2509 tractasse,
279 2427 364 2516 quod
392 2451 474 2515 opus
503 2430 632 2495 κτίσεων
662 2441 694 2494 et
721 2430 828 2510 Ὥρων
859 2430 960 2496 instar
978 2429 1190 2516 conscriptum
1220 2439 1252 2494 et

79 2573 144 2616 non
169 2547 307 2637 ignobile
330 2548 424 2614 fuisse
446 2548 580 2614 videtur.
1151 2551 1156 2562 '

123 2671 222 2734 Error
245 2666 374 2754 qnidam
396 2678 428 2732 et
446 2667 587 2734 confusio
605 2691 645 2734 ex
665 2667 861 2734 festinatione
882 2677 957 2734 nata
974 2667 1025 2736 hic
1044 2666 1248 2754 corrigenda3

78 2810 194 2874 nempe
212 2786 405 2852 Grsfenhan.
424 2786 536 2852 Gesoh.
556 2786 587 2852 d.
607 2787 660 2852 Kl'.
680 2786 760 2852 Phil.
781 2789 822 2854 ΙΙ.
843 2810 874 2874 p.
896 2787 959 2854 205
980 2810 1013 2851 n.
1034 2790 1086 2856 23.
1111 2810 1150 2854 ex
1169 2787 1249 2866 ὅρω-

79 2908 182 2988 νύμων
207 2906 368 2994 catalogo,
391 2905 424 2970 in
447 2906 536 2994 Diog.
559 2906 593 2969 L.
617 2907 657 2969 ΙΙ.
681 2907 754 2972 104.
778 2917 918 2984 serrato,
942 2907 1035 2973 affert
1055 2906 1250 2993 Aristippum

77 3026 290 3114 Byzantinnm
312 3024 488 3102 rhetorem,
513 3023 552 3088 ab
573 3025 740 3090 Aristotele
763 3024 945 3092 laudatum:
971 3049 1048 3114 ergo
1070 3026 1121 3094 hio
1136 3028 1248 3094 Deme-
1316 3091 1321 3096 .

78 3147 142 3211 trio
164 3145 302 3234 Magneti
324 3143 548 3210 memorandus
577 3143 704 3210 fuisset?
745 3144 839 3210 Salva
865 3168 915 3212 res
940 3155 1002 3212 est:
1034 3146 1188 3232 Diogenes
1213 3146 1248 3210 L.

78 3268 111 3332 in
134 3267 240 3352 priore
262 3273 352 3352 parte
374 3265 482 3351 capitis
504 3265 606 3329 octavi
629 3263 701 3328 libri
723 3264 866 3341 secundi,
896 3264 1061 3350 Aristippi,
1085 3265 1119 3330 in
1142 3273 1248 3350 poste-

77 3387 180 3464 riore,
216 3383 371 3450 Theodori
404 3384 500 3450 vitam
532 3393 732 3462 narraverat;
764 3384 797 3449 in
828 3383 931 3451 medio
963 3383 1062 3470 capite
1090 3383 1249 3470 Aristippo
1337 3441 1340 3448 ,

78 3505 300 3594 cognomines,
324 3505 358 3570 in
380 3513 522 3569 extremo
544 3501 707 3569 Theodoro
730 3505 933 3591 cognomines
955 3527 995 3568 ex
1017 3504 1176 3572 Demetrio
1197 3525 1248 3568 re·

78 3626 217 3703 censuit,
249 3647 331 3711 quae
352 3623 587 3710 praetervidens
609 3622 853 3708 Grtfenhanios,
886 3646 917 3688 se
943 3624 1173 3709 Aristipporum
1197 3646 1248 3690 ca·

78 3744 224 3832 talogum
254 3753 327 3808 ante
357 3721 465 3808 oculos
491 3741 606 3808 habere
633 3741 793 3821 credebat,
830 3764 930 3829 quum
956 3765 1071 3808 revera
1093 3743 1127 3812 in
1148 3741 1249 3810 Theo·

78 3863 231 3930 derorum
262 3863 461 3941 vescebatur,
497 3871 529 3927 et
557 3872 593 3926 ut
621 3862 815 3948 Aristippum
845 3862 1057 3949 Byzantinum
1089 3861 1249 3936 rhetorem

79 3983 182 4064 dedit,
207 3984 262 4070 qui
284 3983 344 4050 tuit
365 3982 556 4050 Theodorus.
591 3982 635 4046 De
654 3981 867 4048 Grafsnhanio
886 3992 923 4047 ut
940 3982 1041 4048 lenius
1061 3981 1247 4062 iudicemus,

79 4103 156 4171 facit
175 4102 346 4182 Mullerns,
371 4103 426 4190 qni
449 4101 595 4167 omnibus
617 4100 746 4187 reliquis
769 4100 882 4168 melius
904 4099 944 4166 de
966 4100 1125 4168 Demetrio
1143 4110 1250 4185 postea

78 4223 237 4304 indicans,
273 4225 389 4290 erroris
418 4221 556 4288 eiusdem
587 4222 689 4288 socius
719 4230 778 4300 est;
814 4219 936 4307 scripsit
965 4220 1048 4288 enirn
1075 4220 1108 4285 F.
1132 4220 1170 4288 Η.
1194 4217 1251 4284 Gr.

82 4345 139 4412 ΙΙΙ.
169 4343 250 4410 316;
287 4344 404 4434 „Diog
432 4344 466 4408 L.
497 4344 536 4407 ll.
569 4343 642 4407 104.
677 4341 780 4408 varios
808 4340 1041 4428 Aristippeo
1069 4358 1250 4407 recensens:

1034 4458 1080 4523 3-
