2822 4540
670 235 711 304 39

98 479 140 522 ex
165 453 276 524 eodem
299 454 402 533 fonte,
434 454 513 522 forte
540 477 579 522 ex
610 455 720 527 eodem
743 460 837 536 Istro,
873 457 1020 534 hauriens
1045 459 1123 527 haec
1144 462 1270 532 turbata

97 574 242 655 tradidit,
277 576 356 640 Ister
382 584 413 642 et
441 574 506 662 ipse
540 576 719 661 Cyrenaeus
746 577 822 656 luit,
857 599 895 646 ac
924 576 1047 646 duobus
1076 581 1207 650 saeculis
1237 607 1268 650 a.

96 695 171 766 Chr.
202 695 335 781 scripsit.
379 695 437 760 Hic
466 705 571 766 autem
596 717 696 782 quum
719 695 918 764 Aristotelem
942 697 1069 784 eiusque
1092 701 1268 778 ἀνταγωνι-

95 813 178 893 esaie
202 816 235 892 in
257 813 340 886 libro
362 814 430 896 περὶ
458 803 606 894 ἰδιότητος
636 814 737 880 ἄθλων
761 803 1010 896 memoravisses,
1045 818 1142 903 possis
1162 821 1268 908 suspi-

94 935 163 1002 cari
184 933 400 1012 Aristotelem,
430 931 604 1002 formosum
623 933 764 1020 mireque
787 935 996 1006 continentem
1019 934 1196 1016 hominem,
1227 938 1267 1004 de

93 1077 153 1125 sua
182 1065 251 1120 arte
275 1053 420 1120 athletica
442 1053 591 1124 volumen
614 1051 798 1134 condidisse,
830 1063 902 1122 eta
928 1055 1086 1122 Demetrio
1106 1079 1171 1125 non
1194 1058 1262 1138 περὶ

93 1183 254 1252 ποιητικῆς
290 1173 344 1240 sed
374 1173 442 1256 περὶ
468 1181 621 1248 πυκτικῆς
651 1175 803 1261 seriptum
833 1173 940 1254 luisse;
972 1174 1054 1242 idern
1086 1176 1266 1245 Aristoteles

93 1303 203 1379 postea
236 1291 276 1358 ad
308 1291 535 1379 philosophiam
565 1316 598 1358 se
626 1293 830 1372 converterit,
866 1302 902 1358 ut
932 1293 1034 1364 fecere
1054 1294 1264 1382 Pythagoras,

93 1413 275 1492 Cleanthes,
311 1411 373 1480 alii.
411 1412 464 1502 (of.
487 1411 620 1498 Bentley
649 1415 742 1498 Resp.
769 1411 809 1479 ad
834 1410 932 1498 Boyle
960 1414 1001 1478 11.
1024 1435 1055 1500 p.
1080 1415 1122 1478 29
1147 1415 1265 1493 Lern,

94 1531 245 1600 Aelianus
267 1533 418 1602 V.H.11.
439 1535 496 1610 23,
521 1529 712 1599 Grafenhan.
731 1525 772 1596 Il.
792 1529 835 1619 9.)
884 1532 1031 1600 Ceterum
1053 1542 1173 1601 constat
1189 1535 1265 1601 llri-

94 1651 237 1720 stotelem
257 1652 453 1738 Cyrenaeum
473 1674 537 1716 non
557 1650 650 1716 fuisse
668 1651 819 1737 pictorem
838 1673 941 1736 neque
956 1651 1057 1738 ipsum
1074 1652 1265 1726 simillimam

94 1771 327 1858 pulcherrimae
355 1771 457 1840 Laidis
494 1771 664 1859 imaginem
699 1769 887 1857 depinxisse,
929 1769 982 1836 sed
1016 1771 1137 1839 Graeca
1170 1773 1266 1842 verba

93 1890 181 1978 apud
202 1889 395 1958 Clementem
428 1888 678 1972 γραψάμενος
713 1892 811 1963 αὐτῆς
841 1891 879 1962 ὡς
910 1885 956 1954 ὅτι
985 1889 1132 1969 μάλιστα
1167 1892 1266 1970 ὁμοιο-

92 2008 196 2091 τάτην
219 2009 322 2094 sindus
351 2009 435 2076 male
457 2010 565 2076 Latine
588 2009 667 2074 verti
694 2009 789 2090 „eius
812 2031 908 2094 quam
935 2007 1128 2077 simillimam
1150 2011 1262 2098 imagi-

93 2153 168 2200 nem
191 2128 343 2216 pinxit''
371 2127 470 2219 (llull.
490 2129 523 2192 F.
544 2129 581 2192 H.
601 2127 658 2195 Gr.
681 2129 706 2192 1.
727 2150 757 2213 p.
778 2125 872 2214 425),
898 2150 998 2214 quum
1021 2150 1146 2202 versum
1170 2153 1263 2216 opor·

93 2249 170 2314 tuit:
196 2247 434 2337 pingendam
458 2248 625 2316 curavit.

546 2463 816 2522 ΑΡΙΣΤΩΝΕΣ.

121 2571 124 2582 ’
144 2617 173 2674 1.
197 2607 301 2676 Arato
324 2605 426 2671 onius.

140 2729 343 2817 Diogenes
371 2729 405 2794 L.
428 2727 499 2797 Vll.
538 2725 610 2791 164.
657 2733 769 2804 Γέγιιιε
813 2725 843 2790 δὲ
881 2725 933 2792 asi
974 2725 1071 2800 ἄλλος
1111 2725 1259 2808 Ἀρίστων

93 2848 263 2927 Ἰουλιήτης
290 2845 544 2926 τεςιιιιιτκτικός·
569 2846 582 2908 ὁ
610 2845 642 2910 δέ
666 2869 713 2918 τις
737 2845 882 2924 μουσικὸς
911 2845 1084 2920 'Ainesios
1110 2846 1260 2929 τὲτκςτις

94 2945 222 3047 actardo
255 2966 443 3049 τριιγῳδίιις·
475 2965 619 3044 πέμπτος
652 2965 799 3036 'Anamis
825 2963 944 3044 τέχικς
975 2967 1145 3049 perpolitis
1167 2970 1259 3049 ‘inra-

94 3089 195 3171 ςικιίς·
218 3087 305 3160 ἕκτος
330 3085 552 3166 Ἀλεξανδρεὺς
577 3083 831 3167 περιπατητικός.

139 3210 206 3277 lam
230 3206 314 3294 apud
336 3206 509 3273 Lucisnunr
537 3227 636 3292 quum
659 3205 691 3268 in
714 3202 891 3290 Lexiphane
914 3206 929 3289 ᾗ
955 3205 972 3270 l
997 3203 1110 3289 aliquis
1139 3204 1262 3276 dixerat

94 3329 204 3396 πολλοὶ
223 3329 280 3407 μὲι
306 3329 331 3392 oi
347 3325 528 3408 Ἀρίστωνες
552 3335 584 3390 et
606 3347 704 3411 quum
727 3334 833 3412 postea
856 3325 1044 3396 recentiores
1067 3322 1107 3388 ad
1129 3324 1260 3411 triginta

92 3446 308 3534 collegerunt,
333 3445 426 3510 miser
444 3445 598 3533 Diogenes
609 3444 751 3510 Laertius
773 3465 859 3508 nune
882 3441 963 3510 male
982 3440 1086 3521 audit,
1107 3441 1260 3530 solitaque

92 3565 234 3642 socordia
257 3565 355 3653 egisse
377 3563 495 3642 fertur,
519 3563 604 3650 quod
626 3587 666 3630 ex
688 3573 777 3629 tanto
797 3585 931 3628 numero
954 3561 1080 3628 nonnisi
1102 3584 1156 3628 sex
1181 3585 1259 3628 enu-

92 3686 263 3762 meraverit
291 3684 397 3773 (arur.
421 3684 453 3752 in
476 3683 579 3750 Paulli
600 3684 690 3750 Thes.
713 3684 737 3746 I.
761 3705 792 3768 p.
818 3682 910 3770 762);
932 3679 985 3746 sed
1008 3679 1160 3767 quidquid
1182 3679 1260 3750 deli·

91 3817 166 3880 rant
187 3829 292 3895 reges,
316 3804 500 3892 plectuntur
522 3802 648 3884 Achivi3
673 3802 719 3870 illi
741 3825 805 3866 non
825 3800 968 3868 viderant
984 3799 1119 3866 infinitas
1141 3799 1259 3888 gratias

91 3951 156 4004 esse
179 3925 317 4016 agendas
347 3925 495 4015 Diogeni,
525 3946 582 4010 per
610 3945 705 4010 quem
736 3921 824 3989 nobis
850 3922 992 4010 integrae
1016 3919 1189 4008 particulae
1218 3943 1259 3986 ex

89 4046 241 4117 Demetrii
270 4045 421 4134 Magnetis
450 4065 545 4130 opere
574 4051 715 4110 servatae
748 4043 824 4122 sint,
861 4051 893 4108 et
924 4063 989 4108 non
1024 4039 1150 4106 aliunde
1184 4063 1257 4106 eum

88 4165 145 4232 has
176 4187 286 4240 omnes
312 4151 405 4233 series
435 4160 629 4250 descripsisse
651 4161 702 4250 vel
736 4161 802 4228 sola
831 4161 1015 4230 Aristonum
1046 4159 1139 4226 series
1161 4156 1257 4226 lucu-

90 4284 192 4356 lenter
215 4283 358 4370 ascendia
385 4283 572 4353 confirmant
587 4283 671 4352 enim
691 4281 754 4350 duo
777 4281 832 4350 illa
848 4281 1033 4371 gravissima
1051 4287 1255 4367 argumenta:
