2822 4540
610 283 651 346 13

63 508 129 596 (Qu.
152 507 240 572 Dem.
266 505 288 573 l.
313 505 349 595 l.)
376 515 412 572 ut
433 529 613 594 perversam
644 516 781 574 veterem
812 508 989 596 opinionem
1013 532 1077 598 qua
1102 513 1218 579 Deme-

59 629 128 692 trius
140 625 280 693 creditur
291 627 446 715 scripsisse
464 627 656 714 peculiarem
673 628 790 694 librum
807 629 876 711 περὶ
892 629 1073 710 συνωνύμων
1086 632 1215 709 arazar,

58 757 202 814 tueretur.

94 869 165 934 Eius
194 868 391 934 ratiocinatio
420 867 498 934 haec
520 878 582 934 est:
606 870 644 934 ln
667 868 837 935 Plutarcho
855 870 943 937 Dem.
964 893 991 938 o.
1019 873 1058 936 15
1082 871 1216 960 legitur:

57 989 108 1068 „ori
123 988 187 1067 uhu
205 987 220 1052 o‘
242 988 440 1067 Δνμυσύέννς
460 987 562 1069 ἔγημε
582 989 704 1066 ταύτην
726 989 794 1078 (σύν
811 994 864 1055 τοῦ
880 990 1065 1067 Κτησίππου
1079 990 1215 1082 μνσέρω)

56 1106 135 1171 dtr&
162 1107 276 1191 Σαμίᾳ
301 1108 360 1172 σννὶ
382 1106 572 1191 συνῴκησεν,
598 1110 636 1182 ὠς
664 1110 781 1190 ἱστορεῖ
799 1110 976 1191 Δνμύσρως
998 1110 1164 1190 &Maturus
1186 1113 1218 1178 ἐν

55 1234 110 1299 τοῖς
135 1227 205 1309 περὶ
239 1225 458 1308 συνωνύμων.”
505 1231 542 1294 In
565 1227 736 1308 hocloco,
761 1229 804 1294 ait
825 1231 1088 1296 Westermannus
1110 1254 1220 1298 omnes

55 1345 131 1432 quod
154 1347 232 1413 sciat
261 1347 357 1414 libros
380 1370 479 1413 manu
506 1348 638 1435 scriptos
668 1347 783 1414 hahere
807 1348 1006 1434 retardarer,
1030 1371 1141 1416 verum
1163 1373 1220 1416 re-

55 1468 200 1533 centiores
232 1466 383 1546 editores,
418 1469 573 1535 Coraeum
602 1477 635 1533 et
662 1467 867 1534 Schaeferum
898 1469 1072 1535 Gasauboni
1095 1470 1218 1536 monitu

54 1589 221 1673 reposuisse
240 1587 429 1667 ὁμωνύμων,
450 1610 514 1675 qua
533 1588 714 1654 coniectura
732 1587 805 1654 licet
820 1589 957 1675 speciosa
971 1598 1076 1655 tamen
1090 1589 1218 1656 minime

54 1729 124 1792 opus
145 1729 228 1786 esse,
248 1729 323 1772 nam
339 1729 405 1772 uon
427 1729 467 1771 ex
488 1706 570 1772 libro
593 1707 660 1789 περὶ
689 1707 782 1787 ύμων.
803 1731 838 1772 rr.
855 1731 886 1772 τ.
903 1733 933 1774 κ.
952 1732 982 1773 σ.
1005 1730 1062 1774 sua
1080 1708 1218 1774 hausisse

54 1825 271 1906 Plutarchum,
300 1824 353 1892 sed
376 1849 415 1892 ex
437 1826 520 1892 lihro
542 1827 610 1909 περὶ
639 1831 820 1907 συνωνύμων
845 1827 982 1903 πόλεων,
1010 1829 1084 1915 quia
1107 1829 1219 1894 Deme·

53 1947 125 2013 trius
147 1947 298 2035 potuisset
319 1946 535 2013 Demosthenis
557 1947 665 2013 uxoris
684 1945 772 2036 (sic),
791 1947 1104 2034 quaeessetEualu,
1128 1970 1218 2014 men-

54 2068 164 2134 tionem
199 2069 302 2135 facere
336 2068 394 2135 sub
428 2092 497 2137 roc.
533 2068 661 2150 Σύμσς,
693 2070 783 2135 ouius
813 2069 949 2135 nominis
977 2068 1084 2156 plures
1118 2080 1219 2136 essent

54 2187 158 2270 urhes;
184 2191 368 2276 praesertim
396 2213 496 2278 quum
527 2188 645 2278 gentile
667 2188 790 2256 abhoc
812 2199 842 2254 et
864 2188 1015 2254 similibus
1036 2189 1219 2258 nominibus

52 2304 223 2374 derivatum
257 2307 427 2375 admodum
460 2309 639 2377 fluctuaret.
696 2311 734 2376 ln
764 2307 812 2374 his
842 2318 961 2374 veteres
991 2331 1113 2375 errores
1134 2331 1220 2374 novo

53 2428 130 2493 aucti
154 2437 244 2507 sunt,
276 2451 350 2494 nam
381 2429 645 2495 Westermannus
671 2427 802 2494 credidit
828 2427 938 2495 eodem
970 2427 1064 2493 modo
1086 2450 1123 2493 ac
1145 2429 1218 2492 Ste-

51 2545 187 2630 phanum
207 2549 435 2636 Byzantium,
460 2550 515 2636 qui
538 2571 607 2617 voc.
632 2547 743 2629 Σύμσς
767 2547 853 2614 addit
881 2549 916 2614 τὸ
938 2549 1048 2614 ε’ύννκύν
1070 2557 1217 2628 Σωμωΐσς

50 2666 98 2730 κυνὶ
125 2665 245 2747 Σύμιυς
272 2667 325 2732 κυνὶ
361 2667 475 2748 Σωμύω
503 2668 556 2734 κυνὶ
587 2667 753 2748 Σωμωικύς
766 2717 776 2747 ,
810 2669 853 2733 sic
876 2690 1002 2754 quoquo
1024 2667 1218 2736 Demetrium

49 2786 160 2872 egisse3
193 2786 269 2852 talia
298 2810 375 2854 vero
405 2790 582 2876 Stephanus
611 2789 643 2855 in
675 2788 832 2855 Demetrio
857 2809 1014 2873 nusquam
1037 2787 1216 2867 invenerat,

48 2903 99 2971 sed
122 2904 162 2970 ab
184 2906 365 2973 Herodiano
386 2907 516 2994 aliisque
539 2918 702 2975 mutuatus
724 2918 808 2987 erat;
840 2906 1016 2972 Demetrius
1045 2903 1218 2972 istiusmodi

49 3024 122 3109 quid
144 3049 248 3112 neque
270 3027 372 3114 potuit
398 3051 503 3115 neque
524 3027 626 3095 voluit
647 3028 803 3116 attingere
825 3026 858 3092 in
882 3049 939 3092 suo
962 3048 1073 3112 opera,
1097 3026 1130 3089 in
1153 3047 1218 3111 quo

48 3144 230 3212 Callimachi
256 3147 456 3234 aliorumque
490 3170 627 3228 morem,
659 3146 699 3214 ab
729 3147 798 3233 ipso
824 3147 1070 3212 Westermanno
1097 3141 1218 3208 descri-

47 3275 152 3349 ptum,
177 3278 319 3346 secutus,
342 3267 488 3333 brevitati
511 3278 543 3332 et
564 3266 766 3354 concinnitati
783 3288 879 3353 quam
900 3265 1036 3330 maxima
1055 3261 1216 3344 studebat,

47 3406 148 3471 neque
181 3387 350 3452 Samorum
374 3387 481 3465 seriei,
505 3386 531 3451 si
554 3387 635 3453 forte
657 3384 740 3451 hanc
763 3384 963 3470 conscripsit,
988 3382 1091 3449 aliena
1113 3383 1218 3471 inepte

46 3503 228 3585 immiscuit,
260 3505 367 3593 qualia
397 3515 523 3572 tantum
553 3529 628 3572 eum
658 3507 714 3593 qui
744 3504 901 3584 Σωμνυκύυ
931 3504 1105 3591 composuit
1127 3502 1217 3570 colli-

47 3647 120 3710 gere
150 3623 312 3692 decuisset.
359 3628 504 3692 lamvero
533 3627 559 3692 si
579 3637 721 3692 tenemus
740 3624 934 3690 Demetrium
953 3625 1143 3704 σσλυΐσσυρω
1162 3625 1218 3710 qui

47 3753 76 3808 et
97 3742 273 3811 rhetoricae
296 3757 327 3812 et
357 3745 570 3834 philosophiae
593 3768 722 3832 operam
752 3743 887 3824 dederit,
913 3742 1123 3809 celebriorum
1145 3763 1217 3806 ora-

45 3872 150 3930 torum
178 3863 232 3954 (cf.
257 3865 378 3956 Ἰσωῑω)
405 3876 436 3932 et
458 3865 717 3954 philosophorum
747 3865 826 3930 vitas
853 3862 1006 3950 copiosius
1036 3884 1216 3942 enarrasse,

47 3991 112 4048 turn
136 3983 344 4050 Plutarchum
368 3986 401 4050 in
425 3984 533 4052 eadem
557 3984 772 4051 Demosthenis
794 3983 858 4048 vita
879 3981 945 4048 duo
967 3981 1028 4048 alia
1048 4005 1087 4048 ex
1105 3983 1217 4048 Deme-

46 4105 105 4171 trio
136 4104 281 4173 desumto
311 4108 443 4186 afferre,
475 4107 612 4196 denique
645 4105 845 4173 Demostheni
874 4105 969 4170 fuisse
1001 4124 1104 4169 unum
1134 4111 1219 4167 certe

48 4223 205 4306 ὂμύνυμσν
239 4227 398 4294 Demetrio
424 4227 635 4315 antiquiorem
657 4235 802 4316 poetam,
837 4225 956 4292 nemini
978 4223 1110 4290 dubium
1140 4221 1219 4306 erit,

49 4347 121 4430 quin
154 4345 195 4412 ad
223 4347 325 4433 ipsum
356 4348 596 4415 Demosthenem
629 4348 822 4415 Demetrium
859 4345 981 4414 Samiae
1012 4342 1219 4411 mulierculae
