2848 4546
650 297 691 362 97

81 519 176 584 etiam
210 525 281 604 post
302 517 337 597 γ’
360 519 399 584 ll.
427 515 630 584 casaubonus
652 517 790 584 inserere
812 516 954 597 volebat,
979 527 1062 584 certe
1085 542 1148 586 non
1172 520 1255 586 exci-

85 637 183 716 derit,
208 635 303 723 idque
321 647 388 703 tum
408 636 537 702 demum
556 659 661 724 posses
679 638 839 726 supplere,
863 639 888 704 si
906 649 1091 725 sequeretur
1107 640 1255 722 τέταρτος

85 758 137 822 καὶ
174 756 268 828 αὐτὸς
296 759 471 840 φιλόσοφος
502 755 554 822 vel
575 756 725 838 τέταρτος
752 757 859 835 ὁμοίως
887 757 939 846 (cf.
965 758 1142 847 Θεόδωροι);
1169 761 1257 824 exci-

85 876 167 944 derit
196 877 300 964 potius
327 877 408 942 alius
431 876 628 963 professionis
650 876 761 942 titulus
784 888 839 942 aut
862 878 981 964 patriae
1004 902 1130 946 nomen.
1177 879 1257 944 (lum

87 997 159 1064 loco
188 1007 313 1064 nostro:
345 995 487 1078 τρότος“
514 995 645 1080 φέρεται
668 998 694 1062 δ’
718 999 813 1062 αὐτοῦ
837 996 931 1077 λόγος
955 1006 1014 1064 ete.
1037 999 1147 1064 confer
1173 997 1257 1086 (nio-

84 1139 159 1204 gen.
192 1119 247 1185 Vl.
273 1117 348 1204 81):
384 1114 537 1194 Γεγόνασι
571 1117 602 1182 δὲ
633 1116 791 1196 Διογένεις
815 1117 921 1184 πέντε·
951 1123 1068 1200 πρῶτος
1093 1121 1258 1184 'Arrunta-

85 1234 215 1313 νιοότνς,
240 1234 385 1319 Φνοικός·
407 1236 492 1316 οόρχὶι
514 1236 540 1301 δ’
563 1237 647 1318 αὐτῷ
671 1241 725 1300 τοῦ
755 1235 1011 1318 τνγγροόριματος
1036 1235 1098 1314 ἥδε.

129 1355 292 1422 Laudatur
314 1358 347 1421 in
369 1358 474 1442 Etym.
496 1357 535 1422 M.
559 1367 590 1422 r.
614 1355 783 1436 Ἀτονρόα,
806 1355 993 1438 Ξενοκράτης
1018 1356 1146 1422 aliunde
1167 1358 1258 1446 iguo-

85 1489 137 1544 tus
160 1479 190 1543 ἕν
215 1478 323 1558 τριότιρ
349 1477 513 1558 Χρονικῶν,
539 1497 650 1540 νοτιτιις
674 1475 717 1540 ibi
738 1474 891 1540 ldullerus
913 1476 946 1542 F.
971 1477 1009 1543 H.
1033 1475 1090 1540 Gr.
1113 1478 1168 1545 lv.
1193 1477 1259 1542 530

86 1596 241 1684 probabili
268 1597 450 1663 coniectura
479 1595 619 1682 reposuit
645 1594 831 1676 Ξεναγόρας.
879 1597 1087 1683 Nequaquam
1109 1595 1173 1662 huc
1195 1607 1260 1661 tra·

86 1715 184 1784 hendi
213 1719 406 1782 Xenocrates
435 1715 516 1794 diro,
552 1737 690 1801 quorum
715 1738 812 1793 unus,
844 1714 1011 1801 Ephesius,
1044 1726 1145 1780 aetate
1168 1715 1261 1782 Plinii

86 1846 233 1906 mortuus
256 1845 302 1900 est
327 1835 420 1924 (Plin.
445 1836 483 1901 N.
507 1836 545 1899 H.
570 1835 736 1912 XXXVII,
763 1836 803 1897 11
829 1833 869 1898 ef.
892 1836 981 1903 Voss.
1005 1837 1043 1900 H.
1067 1835 1125 1902 Gr.
1150 1859 1180 1921 p.
1195 1835 1259 1901 509

87 1956 195 2042 ibique
214 1955 419 2040 Westerm.),
444 1953 524 2018 alter
546 1952 811 2039 Aphrodisiensis‚
834 1975 853 2018 a
876 1952 978 2018 Plinio
1000 1955 1181 2040 ignoratus,
1205 1954 1261 2018 iis-

86 2074 162 2140 dem
184 2071 379 2158 temporibus
400 2071 465 2136 sive
488 2082 628 2158 ternpore
647 2071 760 2137 Galeni
783 2095 914 2138 avorum
939 2072 1016 2137 vixit
1035 2072 1206 2163 (Fabricius
1225 2074 1261 2136 B.

86 2194 144 2256 Gr.
169 2193 256 2256 XlIl.
281 2192 345 2254 452
370 2199 401 2256 et
422 2192 477 2254 lX.
502 2192 568 2256 452
589 2191 627 2256 ed
653 2194 718 2271 1³¹²,
742 2192 896 2280 Sprengel
924 2192 1034 2258 Gesch.
1059 2191 1089 2260 d.
1111 2192 1258 2260 Arzneik.

84 2313 127 2377 11.
154 2312 207 2377 77.
230 2309 354 2374 llluller.
378 2310 400 2374 l.
427 2308 463 2398 l.)

90 2485 94 2490 .
132 2434 325 2498 Xenocrates
348 2430 401 2494 ille
423 2435 478 2495 τοῦ
501 2433 728 2511 Ἀρτινοντιιιοῠ
756 2432 852 2510 λόγον
876 2441 1003 2510 auctor,
1028 2431 1169 2518 quisquis
1187 2431 1261 2496 lue-

85 2552 145 2630 rit,
179 2561 365 2616 coaetaneus
393 2549 452 2615 tuit
475 2549 644 2615 Ptolemaei
668 2549 879 2636 Philadelphi,
902 2551 956 2637 qui
980 2550 1019 2614 ab
1043 2550 1107 2615 285
1131 2548 1171 2614 ad
1195 2551 1260 2614 247

84 2681 158 2736 ante
180 2693 288 2737 aeram
310 2681 450 2736 nostram
473 2669 627 2758 regnavit.
661 2672 699 2734 ln
721 2669 816 2735 huius
838 2671 921 2736 enim
945 2692 1084 2735 sororem
1108 2691 1260 2735 uxorem·-

85 2815 148 2878 que
176 2791 348 2867 Arsinoen,
379 2789 593 2876 splendissimo
621 2789 773 2856 funerea
804 2790 901 2856 fratre
924 2791 1101 2876 maritoque
1124 2811 1181 2853 suo
1203 2811 1260 2854 or-

86 2921 196 2976 natam
213 2912 404 2976 Xenoorates
423 2910 597 2975 orationem
617 2910 782 2977 funebrem
804 2910 1013 2996 composuisse
1032 2907 1191 2995 putandus
1204 2917 1259 2974 est.

86 3033 202 3096 Notum
226 3039 272 3094 est
296 3028 440 3096 Sotadem
464 3030 637 3116 Maroniteu
661 3031 713 3096 τόν
743 3029 954 3107 κιναιδολόγον
978 3029 1018 3094 ob
1040 3028 1194 3093 Arsinoen
1218 3025 1259 3092 ad

85 3149 302 3216 Ptolemaeum
334 3150 496 3214 cecinisse:
545 3152 615 3231 „sir
652 3154 713 3232 οὐχ
756 3151 838 3225 iolas
870 3149 1045 3230 τρυμαλιὴν
1070 3148 1106 3212 τό
1137 3146 1257 3227 κέντρον

86 3269 212 3348 atera?
236 3279 268 3334 ot
289 3292 354 3334 nou
377 3269 511 3346 mirum,
531 3269 555 3334 si
575 3269 690 3336 idcirco
711 3269 839 3334 Sotades
859 3267 909 3332 vel
928 3289 985 3353 per
997 3266 1174 3332 litterarum
1187 3264 1257 3330 fau·

85 3401 185 3488 tprem
213 3387 427 3455 Ptolemaeum
459 3391 488 3453 ἐν
522 3390 716 3470 δεσμωτηρίῳ
754 3389 889 3460 πολλοὺς
923 3385 1091 3462 suasorias
1129 3384 1256 3466 χρόνους

84 3508 181 3596 (Plut.
211 3508 334 3574 Morall.
361 3532 393 3594 p.
419 3511 454 3572 ll
483 3504 524 3594 a.)
556 3517 611 3572 aut
641 3509 732 3572 etiam
757 3508 823 3572 eius
851 3509 936 3572 iussu
959 3529 1075 3594 poenas
1097 3505 1161 3570 vita
1183 3504 1255 3570 lue-

84 3629 126 3694 rit
151 3627 277 3718 (Athen.
300 3652 331 3714 p.
358 3628 448 3717 621).
494 3628 567 3710 Quo
589 3650 674 3692 anno
696 3627 827 3692 Arsinoe
850 3627 962 3693 obierit
984 3627 1169 3714 ignoratur,
1199 3621 1253 3688 sed

84 3748 210 3812 nonnisi
239 3770 356 3833 paucos
384 3769 484 3813 annos
506 3748 535 3813 ei
557 3758 713 3834 superstes
736 3746 832 3813 luerit
854 3747 1065 3823 Ptolemaeus,
1098 3743 1152 3830 qui
1174 3757 1252 3807 tem-

84 3866 191 3953 plum,
216 3866 248 3930 in
271 3866 418 3932 Arsinoes
439 3865 591 3932 bonorem
616 3877 775 3946 erectum,
807 3865 986 3932 absolutum
1008 3885 1073 3927 non
1096 3860 1183 3928 vidit.
1214 3860 1253 3926 de

84 3987 217 4053 Arsinoe
233 3986 273 4052 cf.
293 3987 428 4053 Clinton.
448 3987 480 4050 P.
502 3989 538 4050 ll.
555 3987 611 4052 Ill.
632 4009 662 4071 p.
683 3989 760 4058 379.
789 3984 913 4050 Mulier.
932 3985 964 4046 F.
986 3985 1023 4046 H.
1035 3981 1092 4047 Gr.
1106 3982 1162 4046 lll.
1177 3984 1253 4046 343.

129 4104 289 4188 τέταρτος.
334 4105 383 4170 Ad
405 4104 491 4188 hunc
512 4104 657 4170 referunt
678 4106 872 4191 epigramma
890 4103 922 4167 in
943 4103 1091 4166 Hermen.
1126 4098 1254 4164 Anthol.

84 4227 125 4290 Π.
157 4224 210 4290 59.
241 4225 303 4289 lac.
326 4262 371 4274 —
396 4222 480 4311 (iiras
507 4224 539 4289 δέ
562 4263 607 4275 -
629 4223 741 4311 ἔργον.)
771 4224 808 4288 In
832 4222 879 4288 his
901 4222 1004 4288 verbis
1032 4231 1065 4287 et
1095 4218 1180 4307 quod
1214 4218 1254 4284 ad

85 4353 192 4432 poetas
222 4354 253 4409 et
280 4343 365 4430 quod
399 4341 437 4408 ad
472 4366 583 4430 prosae
619 4342 785 4430 scriptores
814 4342 941 4420 attinet,
972 4341 1051 4406 nih-il
1075 4341 1142 4406 veri
1164 4341 1252 4414 inest.

1055 4463 1073 4524 7
