2848 4546
742 305 782 369 60

59 595 62 602 .
185 528 316 597 Cratetis
338 537 369 594 et
390 524 563 593 Aristarchi
586 525 742 612 aequalis,
767 525 841 592 huic
860 525 917 591 uni
935 524 1029 592 laude
1049 525 1154 606 cessit3
1179 525 1246 592 eius
1263 547 1359 613 prae·
1413 518 1414 610 J

185 648 308 716 clarum
339 669 417 734 opus
447 645 460 709 i
489 647 623 726 Τρωϊκὸς
648 643 814 724 διάκοσμος
843 645 1003 711 constabat
1025 645 1112 711 libris
1138 645 1286 734 triginta,
1321 656 1360 712 ut
1413 629 1414 718 J

185 778 258 834 ante
291 766 497 855 Forbigerum
529 765 566 855 (l.
599 763 676 853 944)
708 773 895 830 notaverant
930 763 1089 830 Fabricius
1117 765 1152 829 B.
1177 766 1234 831 Gr.
1257 769 1298 836 X.
1322 788 1357 853 p.

186 889 251 954 390
281 885 320 952 ed
351 887 396 950 lae
424 895 455 951 et
476 885 639 952 Glintonus
660 887 693 949 F.
716 887 754 948 H.
788 886 845 951 Ill.
869 907 899 972 p.
925 884 1006 965 5273
1039 884 1124 972 apud
1147 885 1356 966 Strabonem,
1413 891 1414 972 l

185 1015 287 1072 totum
309 1005 341 1070 in
361 1003 528 1101 Homerica
549 1001 761 1092 geographia,
781 1011 950 1090 utramque
971 1005 1121 1092 paginam
1144 1004 1219 1072 facit
1237 1007 1251 1071 ὅ
1269 1007 1359 1083 zela

185 1131 274 1207 ψιος,
306 1124 402 1211 inque
427 1122 475 1188 bis
504 1123 670 1202 ὁμωνύμων
702 1121 851 1211 catalogis
873 1146 967 1189 nemo
989 1123 1070 1189 alter
1092 1125 1185 1190 tantis
1207 1125 1359 1191 laudibus

185 1245 333 1311 effertur:
358 1242 607 1331 unumquodque
626 1241 773 1322 verbum,
798 1241 883 1329 quod
900 1244 1076 1310 Demetrius
1093 1245 1238 1332 Magnes,
1259 1268 1358 1332 quem

185 1363 298 1430 Strabo
325 1386 355 1451 p.
387 1363 450 1429 606
482 1372 514 1429 et
545 1363 608 1428 609
645 1363 773 1451 egregie
807 1363 971 1429 confirmat
1006 1375 1099 1449 atque
1129 1363 1284 1444 illustrat,
1317 1364 1359 1430 de

185 1483 311 1571 Scepsio
333 1482 452 1570 posuit,
483 1479 557 1546 huic
580 1481 639 1547 fuit
660 1480 764 1561 laudi,
796 1490 827 1548 et
849 1483 992 1568 Scepsius
1013 1481 1203 1570 discipulum
1227 1505 1357 1570 quoque

186 1627 218 1671 se
240 1603 373 1692 dignum
392 1600 526 1667 habebat
546 1600 759 1666 Metrodorum
781 1602 954 1688 Scepsium.
974 1601 1186 1683 Metrodorus,
1208 1615 1357 1670 mortuus
1413 1591 1414 1684 0

187 1735 221 1790 a⁰
246 1724 288 1789 70
311 1745 340 1790 a.
363 1723 396 1789 0.
423 1721 568 1812 (Clinton.
591 1722 624 1785 F.
648 1723 686 1787 Η.
711 1743 739 1786 a.
765 1719 850 1809 70),
877 1743 941 1787 non
971 1722 1084 1788 iniurie
1107 1723 1354 1805 interpunctas

187 1843 366 1922 dicebatur,
391 1850 427 1907 ut
457 1841 565 1907 eodem
590 1839 734 1927 exemplo
759 1839 1015 1906 demonstrarunt
1037 1842 1164 1909 Vossius
1182 1843 1220 1906 Η.
1240 1842 1297 1908 Gr.
1323 1865 1356 1930 p.
1413 1871 1414 1890 ν

189 1966 253 2031 160
282 1966 337 2030 W.
365 1973 396 2030 et
424 1960 613 2027 Niebubrius
641 1962 749 2031 Vortr.
772 1960 851 2027 uber
873 1959 935 2026 alte
957 1958 1126 2027 Laudes-u.
1150 1963 1189 2030 V.
1212 1984 1243 2048 p.
1269 1962 1355 2042 548,

186 2094 358 2173 praeeunte
380 2106 433 2149 eos
455 2081 556 2148 Plinio
578 2082 616 2149 N.
639 2083 679 2147 Η.
705 2082 764 2160 34,
789 2103 820 2168 p.
845 2082 909 2146 939
932 2081 1000 2168 Dip.
1333 2077 1337 2088 '

232 2204 408 2270 Demetrius
430 2201 590 2288 Scepsius,
615 2201 671 2287 qui
688 2199 727 2265 de
744 2200 880 2287 antiquis
896 2200 1015 2287 patriae
1032 2222 1107 2266 suae
1126 2200 1237 2267 incolis
1255 2202 1356 2289 scrip-
1413 2239 1414 2288 ρ

187 2324 242 2402 sit,
272 2345 336 2389 uon
363 2321 504 2386 diversus
526 2319 622 2385 suerit
644 2342 662 2385 a
684 2320 842 2385 Demetrio
864 2319 986 2400 Iliensi,
1014 2343 1095 2408 quae
1117 2320 1288 2408 probabilis
1311 2330 1358 2387 est

184 2441 318 2529 suspicio
338 2439 480 2520 Mulleri,
503 2441 536 2504 F.
560 2442 598 2506 Η.
622 2440 678 2505 Gr.
702 2440 756 2508 lv.
780 2441 856 2505 389.

231 2561 421 2641 δωδέκατος,
462 2560 686 2641 γροομμοοτοκὸς
721 2561 894 2642 Ἐρνθροοῖος
929 2561 1214 2643 πολιτογραφηθεὶς
1249 2562 1281 2625 ἕν
1315 2571 1354 2643 τῇ

186 2683 274 2764 Μνῷ.
319 2681 436 2745 Omnes
466 2678 541 2745 olim
572 2678 738 2744 ediderunt
759 2680 790 2744 ἐν
815 2682 931 2763 Τνμνῷ
955 2691 986 2746 et
1007 2690 1171 2747 verterunt
1198 2681 1357 2764 „civitate
1413 2659 1414 2733 0

186 2803 321 2868 donatus
342 2801 375 2865 iu
398 2797 549 2877 Temno.”
585 2799 717 2864 Cobetus
739 2799 772 2864 in
796 2797 885 2864 codd.
908 2801 1027 2866 invenit
1043 2801 1073 2865 ἐν
1091 2810 1129 2884 τῇ
1147 2801 1244 2882 Μνῷ,
1271 2800 1356 2866 unde

185 2919 293 2986 elicuit
321 2918 530 3008 Erythraeum
560 2919 683 2985 civitate
716 2917 866 2984 donatum
891 2918 984 2985 fuisse
1005 2921 1150 2986 Romana
1172 2932 1204 2986 et
1225 2923 1355 3011 Magne·
1413 2931 1414 2934 ’

187 3050 251 3106 tem
280 3040 436 3127 scripsisse
466 3041 497 3104 ἕν
520 3049 558 3122 τῇ
583 3039 694 3122 Ῥώμῃ.
742 3040 827 3103 Haec
848 3039 892 3103 ita
914 3063 946 3104 se
968 3039 1083 3106 babere
1106 3051 1137 3106 et
1159 3042 1356 3106 Demetrium

186 3161 362 3248 Magnetem
385 3157 424 3224 de
445 3158 620 3246 Erythraeo
642 3157 704 3222 iam
729 3168 854 3222 mortuo
880 3157 1021 3224 locutum
1045 3158 1155 3240 fuisse,
1179 3161 1251 3225 satis
1275 3183 1356 3226 con-

186 3289 257 3346 stat.
302 3281 372 3345 Non
400 3301 473 3345 cum
502 3277 613 3347 Vossio
641 3280 678 3343 Η.
707 3277 763 3346 Gr.
795 3300 826 3364 p.
859 3279 923 3343 496
951 3280 1005 3343 W.
1034 3289 1066 3344 et
1094 3279 1228 3345 Mullero
1254 3281 1288 3346 F.
1316 3283 1355 3345 Η.

187 3399 243 3463 Gr.
277 3400 333 3467 lv.
367 3400 432 3464 389
466 3398 641 3464 Demetrius
681 3395 894 3485 Erythraeus,
937 3397 1046 3465 ordine
1087 3399 1355 3479 undevicesimus,

188 3541 299 3584 verum
330 3541 402 3584 cum
432 3517 577 3584 Glintono
606 3520 639 3582 F.
670 3520 708 3582 H.
739 3540 767 3582 a.
798 3520 850 3584 71.
874 3528 905 3583 et
927 3517 1040 3584 Buhrio
1066 3519 1180 3608 (Paulli
1201 3519 1292 3588 Thes.
1314 3522 1357 3584 Η.
1413 3507 1414 3532 J

189 3636 267 3728 940)
290 3637 342 3704 bic
360 3638 535 3704 Demetrius
560 3635 769 3726 Erythraeus,
801 3637 910 3703 ordine
933 3637 1150 3718 duodecimus,
1175 3640 1383 3736 existiman-t

188 3756 247 3824 dus
272 3767 319 3823 est
340 3756 484 3823 aemulus
507 3756 599 3823 fuisse
622 3756 831 3843 Tyrannionis
852 3757 991 3824 Amiseni
1014 3767 1156 3845 tempore
1177 3757 1304 3824 Luculli
1326 3768 1358 3824 et
1384 3753 1387 3758 ’
1413 3779 1414 3782 ’

186 3877 369 3945 Mithridatis
395 3876 519 3964 (Suidas
540 3899 571 3945 v.
595 3876 794 3966 Tvpcavlov).

231 3997 372 4080 οἶρχοοίοον
396 3996 558 4079 κωμςοδίοον
586 3998 770 4071 πεπονηκώς.
792 3996 863 4062 vide
874 3998 965 4063 Mein.
978 4000 1016 4062 ll.
1028 3998 1062 4064 C.
1075 3997 1163 4065 Com.
1176 3999 1232 4064 Gr.
1245 4022 1277 4087 p.
1291 3999 1359 4064 964

187 4115 321 4184 Glinton.
344 4118 378 4180 F.
401 4118 440 4182 Η.
465 4127 506 4182 a⁰.
531 4116 607 4184 999.

230 4234 358 4323 Reliqui
386 4235 537 4300 Demetrii
565 4236 731 4323 scriptores
760 4246 963 4330 recensentur
987 4238 1182 4326 potissimum
1205 4261 1224 4304 a
1246 4238 1359 4305 Fabri-

187 4353 235 4420 cio
267 4354 303 4418 B.
338 4354 394 4420 Gr.
429 4363 461 4420 et
493 4354 607 4423 Babrio
641 4356 771 4446 aliisque
800 4358 833 4426 in
863 4358 966 4427 Paulli
995 4358 1084 4428 Thes.
1114 4360 1154 4424 ll.
1184 4359 1249 4425 937
1271 4381 1360 4447 seqq.
1413 4393 1414 4402 ν
