<?xml version="1.0" encoding="UTF-8"?>
<!DOCTYPE html PUBLIC "-//W3C//DTD XHTML 1.0 Transitional//EN"
    "http://www.w3.org/TR/xhtml1/DTD/xhtml1-transitional.dtd">
<html xmlns="http://www.w3.org/1999/xhtml" xml:lang="en" lang="en">
 <head>
  <title>
</title>
<meta http-equiv="Content-Type" content="text/html;charset=utf-8" />
  <meta name='ocr-system' content='tesseract 3.04.00' />
  <meta name='ocr-capabilities' content='ocr_page ocr_carea ocr_par ocr_line ocrx_word'/>
</head>
<body>
  <div class='ocr_page' id='page_1' title='image "./dedemetriomagne00schegoog_0074.png"; bbox 0 0 2848 4546; ppageno 0'>
   <div class='ocr_carea' id='block_1_1' title="bbox 646 260 686 324">
    <p class='ocr_par' dir='ltr' id='par_1_1' title="bbox 646 260 686 324">
     <span class='ocr_line' id='line_1_1' title="bbox 646 260 686 324; baseline -0.05 0"><span class='ocrx_word' id='word_1_1' title='bbox 646 260 686 324; x_wconf 88' lang='grc'><strong>63</strong></span> 
     </span>
    </p>
   </div>
   <div class='ocr_carea' id='block_1_2' title="bbox 72 481 1255 2702">
    <p class='ocr_par' dir='ltr' id='par_1_2' title="bbox 73 481 1255 1051">
     <span class='ocr_line' id='line_1_2' title="bbox 77 481 1255 570; baseline 0.002 -20"><span class='ocrx_word' id='word_1_2' title='bbox 77 483 307 564; x_wconf 75' lang='grc' dir='ltr'><em>Δημοσθένενς,</em></span> <span class='ocrx_word' id='word_1_3' title='bbox 339 481 482 569; x_wconf 66' lang='grc' dir='ltr'><strong>Ἰσαῖον),</strong></span> <span class='ocrx_word' id='word_1_4' title='bbox 520 492 552 548; x_wconf 90' lang='lat' dir='ltr'><strong>et</strong></span> <span class='ocrx_word' id='word_1_5' title='bbox 581 503 645 548; x_wconf 92' lang='lat' dir='ltr'><strong>non</strong></span> <span class='ocrx_word' id='word_1_6' title='bbox 674 482 882 548; x_wconf 85' lang='lat' dir='ltr'><strong>omittendum</strong></span> <span class='ocrx_word' id='word_1_7' title='bbox 912 506 1011 570; x_wconf 91' lang='lat' dir='ltr'><strong>quum</strong></span> <span class='ocrx_word' id='word_1_8' title='bbox 1039 507 1078 550; x_wconf 88' lang='lat' dir='ltr'><strong>ex</strong></span> <span class='ocrx_word' id='word_1_9' title='bbox 1104 489 1255 552; x_wconf 85' lang='lat' dir='ltr'><strong>sententia</strong></span> 
     </span>
     <span class='ocr_line' id='line_1_3' title="bbox 74 600 1253 694; baseline 0.004 -26"><span class='ocrx_word' id='word_1_10' title='bbox 74 603 228 670; x_wconf 83' lang='lat' dir='ltr'>Demetrii</span> <span class='ocrx_word' id='word_1_11' title='bbox 247 612 278 669; x_wconf 91' lang='lat' dir='ltr'><strong>et</strong></span> <span class='ocrx_word' id='word_1_12' title='bbox 308 600 494 689; x_wconf 87' lang='lat' dir='ltr'><strong>Hippoboti,</strong></span> <span class='ocrx_word' id='word_1_13' title='bbox 524 602 664 669; x_wconf 82' lang='lat' dir='ltr'>incertae</span> <span class='ocrx_word' id='word_1_14' title='bbox 690 605 798 668; x_wconf 87' lang='lat' dir='ltr'><strong>aetatis</strong></span> <span class='ocrx_word' id='word_1_15' title='bbox 828 603 986 691; x_wconf 87' lang='lat' dir='ltr'><strong>scriptoris</strong></span> <span class='ocrx_word' id='word_1_16' title='bbox 1011 603 1110 694; x_wconf 89' lang='lat' dir='ltr'><strong>(Voss.</strong></span> <span class='ocrx_word' id='word_1_17' title='bbox 1134 609 1173 674; x_wconf 90' lang='lat' dir='ltr'><strong>H.</strong></span> <span class='ocrx_word' id='word_1_18' title='bbox 1198 608 1253 672; x_wconf 85' lang='lat' dir='ltr'><strong>Gr.</strong></span> 
     </span>
     <span class='ocr_line' id='line_1_4' title="bbox 73 720 1254 811; baseline 0.003 -23"><span class='ocrx_word' id='word_1_19' title='bbox 73 747 108 810; x_wconf 91' lang='lat' dir='ltr'><strong>p.</strong></span> <span class='ocrx_word' id='word_1_20' title='bbox 134 723 199 788; x_wconf 83' lang='lat'><strong>455</strong></span> <span class='ocrx_word' id='word_1_21' title='bbox 212 720 302 810; x_wconf 84' lang='lat' dir='ltr'><strong>W.),</strong></span> <span class='ocrx_word' id='word_1_22' title='bbox 329 722 527 788; x_wconf 84' lang='lat' dir='ltr'><strong>Democritus</strong></span> <span class='ocrx_word' id='word_1_23' title='bbox 549 722 601 788; x_wconf 79' lang='grc' dir='ltr'><strong>τὸν</strong></span> <span class='ocrx_word' id='word_1_24' title='bbox 624 722 730 802; x_wconf 76' lang='grc' dir='ltr'><em>μένων</em></span> <span class='ocrx_word' id='word_1_25' title='bbox 754 722 932 802; x_wconf 78' lang='grc' dir='ltr'><em>Διωὶκνσμνν</em></span> <span class='ocrx_word' id='word_1_26' title='bbox 953 724 1125 811; x_wconf 83' lang='lat' dir='ltr'><strong>scripserit,</strong></span> <span class='ocrx_word' id='word_1_27' title='bbox 1150 725 1254 791; x_wconf 88' lang='lat' dir='ltr'><strong>Theo-</strong></span> 
     </span>
     <span class='ocr_line' id='line_1_5' title="bbox 73 841 1252 930; baseline 0.002 -22"><span class='ocrx_word' id='word_1_28' title='bbox 73 842 243 928; x_wconf 89' lang='lat' dir='ltr'><strong>phrastum</strong></span> <span class='ocrx_word' id='word_1_29' title='bbox 274 841 334 908; x_wconf 90' lang='lat' dir='ltr'><strong>hoc</strong></span> <span class='ocrx_word' id='word_1_30' title='bbox 368 864 447 928; x_wconf 89' lang='lat' dir='ltr'><strong>opus</strong></span> <span class='ocrx_word' id='word_1_31' title='bbox 472 842 648 929; x_wconf 85' lang='lat' dir='ltr'>Leucippo,</span> <span class='ocrx_word' id='word_1_32' title='bbox 671 843 841 908; x_wconf 81' lang='lat' dir='ltr'><strong>Democriti</strong></span> <span class='ocrx_word' id='word_1_33' title='bbox 867 845 1061 930; x_wconf 76' lang='lat' dir='ltr'><strong>praeceptori</strong></span> <span class='ocrx_word' id='word_1_34' title='bbox 1089 844 1252 924; x_wconf 83' lang='lat' dir='ltr'><strong>tribuisse,</strong></span> 
     </span>
     <span class='ocr_line' id='line_1_6' title="bbox 79 961 857 1051; baseline 0.004 -25"><span class='ocrx_word' id='word_1_35' title='bbox 79 962 265 1051; x_wconf 83' lang='lat' dir='ltr'><strong>(uiog.1x.</strong></span> <span class='ocrx_word' id='word_1_36' title='bbox 290 963 358 1048; x_wconf 85' lang='grc'><strong>46).</strong></span> <span class='ocrx_word' id='word_1_37' title='bbox 394 961 440 1026; x_wconf 81' lang='lat' dir='ltr'><strong>Cf.</strong></span> <span class='ocrx_word' id='word_1_38' title='bbox 465 961 576 1026; x_wconf 84' lang='lat' dir='ltr'><strong>Snidas</strong></span> <span class='ocrx_word' id='word_1_39' title='bbox 599 983 628 1025; x_wconf 91' lang='lat' dir='ltr'><strong>v.</strong></span> <span class='ocrx_word' id='word_1_40' title='bbox 654 961 857 1044; x_wconf 75' lang='grc' dir='ltr'><strong>Δημόκριτος.</strong></span> 
     </span>
    </p>

    <p class='ocr_par' dir='ltr' id='par_1_3' title="bbox 72 1081 1255 2363">
     <span class='ocr_line' id='line_1_7' title="bbox 125 1081 1255 1172; baseline 0.004 -26"><span class='ocrx_word' id='word_1_41' title='bbox 125 1082 215 1163; x_wconf 85' lang='lat' dir='ltr'><strong>Quae</strong></span> <span class='ocrx_word' id='word_1_42' title='bbox 249 1081 388 1168; x_wconf 88' lang='lat' dir='ltr'><strong>reliquos</strong></span> <span class='ocrx_word' id='word_1_43' title='bbox 423 1081 616 1148; x_wconf 82' lang='lat' dir='ltr'><strong>Democritus</strong></span> <span class='ocrx_word' id='word_1_44' title='bbox 651 1092 811 1169; x_wconf 87' lang='lat' dir='ltr'><strong>spectant,</strong></span> <span class='ocrx_word' id='word_1_45' title='bbox 846 1104 883 1148; x_wconf 86' lang='lat' dir='ltr'><strong>ea</strong></span> <span class='ocrx_word' id='word_1_46' title='bbox 910 1082 1108 1172; x_wconf 89' lang='lat' dir='ltr'><strong>collegerunt</strong></span> <span class='ocrx_word' id='word_1_47' title='bbox 1134 1085 1255 1151; x_wconf 90' lang='lat' dir='ltr'><strong>lonsius</strong></span> 
     </span>
     <span class='ocr_line' id='line_1_8' title="bbox 78 1201 1251 1293; baseline 0.003 -26"><span class='ocrx_word' id='word_1_48' title='bbox 78 1209 110 1270; x_wconf 89' lang='lat'><strong>1.</strong></span> <span class='ocrx_word' id='word_1_49' title='bbox 124 1203 156 1274; x_wconf 82' lang='lat'><strong>4.</strong></span> <span class='ocrx_word' id='word_1_50' title='bbox 171 1204 201 1269; x_wconf 88' lang='grc'><strong>2.</strong></span> <span class='ocrx_word' id='word_1_51' title='bbox 225 1201 345 1269; x_wconf 84' lang='lat' dir='ltr'><strong>Fabric.</strong></span> <span class='ocrx_word' id='word_1_52' title='bbox 369 1202 405 1268; x_wconf 89' lang='grc' dir='ltr'><strong>Β.</strong></span> <span class='ocrx_word' id='word_1_53' title='bbox 430 1201 486 1268; x_wconf 89' lang='lat' dir='ltr'><strong>Gr.</strong></span> <span class='ocrx_word' id='word_1_54' title='bbox 510 1205 536 1268; x_wconf 91' lang='lat' dir='ltr'><strong>l.</strong></span> <span class='ocrx_word' id='word_1_55' title='bbox 561 1203 637 1270; x_wconf 84' lang='lat'><strong>811.</strong></span> <span class='ocrx_word' id='word_1_56' title='bbox 662 1203 704 1268; x_wconf 93' lang='lat' dir='ltr'><strong>Il.</strong></span> <span class='ocrx_word' id='word_1_57' title='bbox 725 1204 791 1270; x_wconf 79' lang='lat' dir='ltr'><strong>am</strong></span> <span class='ocrx_word' id='word_1_58' title='bbox 813 1202 851 1269; x_wconf 90' lang='lat' dir='ltr'><strong>ed</strong></span> <span class='ocrx_word' id='word_1_59' title='bbox 877 1205 930 1270; x_wconf 69' lang='lat'><strong>1³⁰.</strong></span> <span class='ocrx_word' id='word_1_60' title='bbox 944 1203 1160 1293; x_wconf 87' lang='lat' dir='ltr'><strong>—Menagius</strong></span> <span class='ocrx_word' id='word_1_61' title='bbox 1177 1204 1210 1270; x_wconf 92' lang='lat' dir='ltr'><strong>h.</strong></span> <span class='ocrx_word' id='word_1_62' title='bbox 1231 1204 1251 1271; x_wconf 93' lang='lat' dir='ltr'><strong>l.</strong></span> 
     </span>
     <span class='ocr_line' id='line_1_9' title="bbox 74 1321 1254 1408; baseline -0.002 -20"><span class='ocrx_word' id='word_1_63' title='bbox 74 1345 119 1388; x_wconf 86' lang='lat' dir='ltr'><strong>ex</strong></span> <span class='ocrx_word' id='word_1_64' title='bbox 147 1322 253 1388; x_wconf 89' lang='lat' dir='ltr'><strong>lonsio</strong></span> <span class='ocrx_word' id='word_1_65' title='bbox 279 1332 364 1388; x_wconf 90' lang='lat' dir='ltr'><strong>recte</strong></span> <span class='ocrx_word' id='word_1_66' title='bbox 392 1321 531 1408; x_wconf 81' lang='lat' dir='ltr'><strong>scripsit,</strong></span> <span class='ocrx_word' id='word_1_67' title='bbox 560 1322 743 1390; x_wconf 83' lang='lat' dir='ltr'><strong>Vitruvium</strong></span> <span class='ocrx_word' id='word_1_68' title='bbox 770 1323 802 1386; x_wconf 91' lang='lat' dir='ltr'><strong>in</strong></span> <span class='ocrx_word' id='word_1_69' title='bbox 837 1321 936 1407; x_wconf 85' lang='lat' dir='ltr'><strong>praef.</strong></span> <span class='ocrx_word' id='word_1_70' title='bbox 960 1321 982 1389; x_wconf 88' lang='lat' dir='ltr'><strong>l.</strong></span> <span class='ocrx_word' id='word_1_71' title='bbox 1006 1324 1076 1391; x_wconf 84' lang='lat' dir='ltr'><strong>Vll.</strong></span> <span class='ocrx_word' id='word_1_72' title='bbox 1101 1322 1139 1388; x_wconf 91' lang='lat' dir='ltr'><strong>de</strong></span> <span class='ocrx_word' id='word_1_73' title='bbox 1162 1323 1254 1389; x_wconf 92' lang='lat' dir='ltr'><strong>nullo</strong></span> 
     </span>
     <span class='ocr_line' id='line_1_10' title="bbox 75 1439 1252 1530; baseline 0 -24"><span class='ocrx_word' id='word_1_74' title='bbox 75 1441 142 1506; x_wconf 84' lang='lat' dir='ltr'><strong>alio</strong></span> <span class='ocrx_word' id='word_1_75' title='bbox 169 1441 229 1506; x_wconf 89' lang='lat' dir='ltr'><strong>nisi</strong></span> <span class='ocrx_word' id='word_1_76' title='bbox 257 1441 456 1519; x_wconf 89' lang='lat' dir='ltr'><strong>Democrit0,</strong></span> <span class='ocrx_word' id='word_1_77' title='bbox 481 1441 536 1526; x_wconf 90' lang='lat' dir='ltr'><strong>qni</strong></span> <span class='ocrx_word' id='word_1_78' title='bbox 565 1439 604 1505; x_wconf 94' lang='lat' dir='ltr'><strong>de</strong></span> <span class='ocrx_word' id='word_1_79' title='bbox 627 1440 746 1526; x_wconf 92' lang='lat' dir='ltr'><strong>templo</strong></span> <span class='ocrx_word' id='word_1_80' title='bbox 772 1440 904 1526; x_wconf 86' lang='lat' dir='ltr'><strong>Ephesio</strong></span> <span class='ocrx_word' id='word_1_81' title='bbox 931 1463 1050 1530; x_wconf 81' lang='lat' dir='ltr'><strong>suaqpe</strong></span> <span class='ocrx_word' id='word_1_82' title='bbox 1072 1443 1174 1528; x_wconf 90' lang='lat' dir='ltr'><strong>patria</strong></span> <span class='ocrx_word' id='word_1_83' title='bbox 1197 1443 1252 1506; x_wconf 83' lang='lat' dir='ltr'><strong>Ss-</strong></span> 
     </span>
     <span class='ocr_line' id='line_1_11' title="bbox 75 1559 1253 1648; baseline -0.001 -22"><span class='ocrx_word' id='word_1_84' title='bbox 75 1561 241 1626; x_wconf 86' lang='lat' dir='ltr'><strong>mothrace</strong></span> <span class='ocrx_word' id='word_1_85' title='bbox 263 1561 345 1648; x_wconf 84' lang='lat' dir='ltr'><strong>egit,</strong></span> <span class='ocrx_word' id='word_1_86' title='bbox 370 1560 512 1626; x_wconf 92' lang='lat' dir='ltr'><strong>locutum</strong></span> <span class='ocrx_word' id='word_1_87' title='bbox 536 1559 645 1639; x_wconf 86' lang='lat' dir='ltr'><strong>fuisse,</strong></span> <span class='ocrx_word' id='word_1_88' title='bbox 670 1583 773 1646; x_wconf 89' lang='lat' dir='ltr'><strong>neque</strong></span> <span class='ocrx_word' id='word_1_89' title='bbox 796 1559 865 1639; x_wconf 90' lang='lat' dir='ltr'><strong>ille,</strong></span> <span class='ocrx_word' id='word_1_90' title='bbox 891 1560 975 1647; x_wconf 92' lang='lat' dir='ltr'><strong>qnod</strong></span> <span class='ocrx_word' id='word_1_91' title='bbox 992 1584 1098 1626; x_wconf 89' lang='lat' dir='ltr'><strong>omnes</strong></span> <span class='ocrx_word' id='word_1_92' title='bbox 1117 1562 1253 1629; x_wconf 87' lang='lat' dir='ltr'><strong>Vitruvii</strong></span> 
     </span>
     <span class='ocr_line' id='line_1_12' title="bbox 75 1677 1252 1757; baseline 0 -12"><span class='ocrx_word' id='word_1_93' title='bbox 75 1680 201 1746; x_wconf 90' lang='lat' dir='ltr'><strong>codices</strong></span> <span class='ocrx_word' id='word_1_94' title='bbox 212 1679 348 1744; x_wconf 88' lang='lat' dir='ltr'><strong>habeant</strong></span> <span class='ocrx_word' id='word_1_95' title='bbox 366 1679 617 1757; x_wconf 88' lang='lat' dir='ltr'><strong>Demetrius,</strong></span> <span class='ocrx_word' id='word_1_96' title='bbox 638 1678 755 1744; x_wconf 87' lang='lat' dir='ltr'><strong>idcirco</strong></span> <span class='ocrx_word' id='word_1_97' title='bbox 766 1677 909 1744; x_wconf 86' lang='lat' dir='ltr'><strong>dubitare</strong></span> <span class='ocrx_word' id='word_1_98' title='bbox 921 1679 1074 1745; x_wconf 88' lang='lat' dir='ltr'><strong>debuisset</strong></span> <span class='ocrx_word' id='word_1_99' title='bbox 1089 1681 1252 1746; x_wconf 88' lang='lat' dir='ltr'><strong>restituere</strong></span> 
     </span>
     <span class='ocr_line' id='line_1_13' title="bbox 75 1798 1248 1889; baseline 0.002 -25"><span class='ocrx_word' id='word_1_100' title='bbox 75 1802 350 1867; x_wconf 87' lang='lat' dir='ltr'><strong>Democritus.</strong></span> <span class='ocrx_word' id='word_1_101' title='bbox 407 1802 492 1865; x_wconf 87' lang='lat' dir='ltr'><strong>Haec</strong></span> <span class='ocrx_word' id='word_1_102' title='bbox 525 1800 660 1886; x_wconf 83' lang='lat' dir='ltr'><strong>Menagii</strong></span> <span class='ocrx_word' id='word_1_103' title='bbox 707 1798 824 1864; x_wconf 88' lang='lat' dir='ltr'><strong>multos</strong></span> <span class='ocrx_word' id='word_1_104' title='bbox 858 1801 1045 1865; x_wconf 86' lang='lat' dir='ltr'><strong>recentiores</strong></span> <span class='ocrx_word' id='word_1_105' title='bbox 1080 1799 1248 1889; x_wconf 88' lang='lat' dir='ltr'><strong>fugerunt;</strong></span> 
     </span>
     <span class='ocr_line' id='line_1_14' title="bbox 72 1917 1251 2007; baseline 0.001 -23"><span class='ocrx_word' id='word_1_106' title='bbox 72 1920 171 1986; x_wconf 88' lang='lat' dir='ltr'><strong>iidem</strong></span> <span class='ocrx_word' id='word_1_107' title='bbox 185 1922 339 1986; x_wconf 86' lang='lat' dir='ltr'><strong>rationem</strong></span> <span class='ocrx_word' id='word_1_108' title='bbox 358 1919 473 1984; x_wconf 91' lang='lat' dir='ltr'><strong>horum</strong></span> <span class='ocrx_word' id='word_1_109' title='bbox 493 1919 660 1997; x_wconf 76' lang='grc' dir='ltr'><em>ὁμωνύμων</em></span> <span class='ocrx_word' id='word_1_110' title='bbox 681 1917 898 2006; x_wconf 85' lang='lat' dir='ltr'><strong>catalogorum</strong></span> <span class='ocrx_word' id='word_1_111' title='bbox 918 1920 1115 2007; x_wconf 85' lang='lat' dir='ltr'><strong>ignorantes,</strong></span> <span class='ocrx_word' id='word_1_112' title='bbox 1136 1930 1191 1985; x_wconf 92' lang='lat' dir='ltr'><strong>aut</strong></span> <span class='ocrx_word' id='word_1_113' title='bbox 1212 1919 1251 1985; x_wconf 92' lang='lat' dir='ltr'><strong>de</strong></span> 
     </span>
     <span class='ocr_line' id='line_1_15' title="bbox 73 2037 1248 2123; baseline -0.003 -18"><span class='ocrx_word' id='word_1_114' title='bbox 73 2039 273 2116; x_wconf 85' lang='lat' dir='ltr'><strong>Democrito,</strong></span> <span class='ocrx_word' id='word_1_115' title='bbox 298 2048 354 2102; x_wconf 88' lang='lat' dir='ltr'><strong>aut</strong></span> <span class='ocrx_word' id='word_1_116' title='bbox 382 2037 420 2103; x_wconf 87' lang='lat' dir='ltr'><strong>de.</strong></span> <span class='ocrx_word' id='word_1_117' title='bbox 451 2038 608 2102; x_wconf 89' lang='lat' dir='ltr'><strong>Demetrio</strong></span> <span class='ocrx_word' id='word_1_118' title='bbox 631 2037 851 2116; x_wconf 85' lang='lat' dir='ltr'><strong>Samothrace,</strong></span> <span class='ocrx_word' id='word_1_119' title='bbox 882 2038 938 2123; x_wconf 90' lang='lat' dir='ltr'><strong>qni</strong></span> <span class='ocrx_word' id='word_1_120' title='bbox 966 2059 1143 2123; x_wconf 88' lang='lat' dir='ltr'><strong>numquam</strong></span> <span class='ocrx_word' id='word_1_121' title='bbox 1172 2037 1248 2115; x_wconf 86' lang='lat' dir='ltr'><strong>fuit,</strong></span> 
     </span>
     <span class='ocr_line' id='line_1_16' title="bbox 76 2155 1248 2244; baseline -0.002 -20"><span class='ocrx_word' id='word_1_122' title='bbox 76 2168 137 2224; x_wconf 90' lang='lat' dir='ltr'><strong>aut</strong></span> <span class='ocrx_word' id='word_1_123' title='bbox 159 2157 197 2222; x_wconf 91' lang='lat' dir='ltr'><strong>de</strong></span> <span class='ocrx_word' id='word_1_124' title='bbox 220 2168 356 2243; x_wconf 86' lang='lat' dir='ltr'><strong>utroque</strong></span> <span class='ocrx_word' id='word_1_125' title='bbox 380 2156 474 2222; x_wconf 89' lang='lat' dir='ltr'><strong>simul</strong></span> <span class='ocrx_word' id='word_1_126' title='bbox 492 2156 589 2222; x_wconf 90' lang='lat' dir='ltr'><strong>locuti</strong></span> <span class='ocrx_word' id='word_1_127' title='bbox 608 2166 689 2222; x_wconf 84' lang='lat' dir='ltr'><strong>sunt</strong></span> <span class='ocrx_word' id='word_1_128' title='bbox 711 2155 750 2224; x_wconf 90' lang='lat' dir='ltr'><strong>cf.</strong></span> <span class='ocrx_word' id='word_1_129' title='bbox 770 2155 933 2233; x_wconf 88' lang='lat' dir='ltr'><strong>Thiersch,</strong></span> <span class='ocrx_word' id='word_1_130' title='bbox 957 2156 1102 2244; x_wconf 91' lang='lat' dir='ltr'><strong>Epochen</strong></span> <span class='ocrx_word' id='word_1_131' title='bbox 1120 2181 1150 2244; x_wconf 93' lang='lat' dir='ltr'><strong>p.</strong></span> <span class='ocrx_word' id='word_1_132' title='bbox 1168 2159 1248 2234; x_wconf 86' lang='lat'><strong>136,</strong></span> 
     </span>
     <span class='ocr_line' id='line_1_17' title="bbox 76 2275 1225 2363; baseline 0.002 -20"><span class='ocrx_word' id='word_1_133' title='bbox 76 2277 186 2345; x_wconf 87' lang='lat' dir='ltr'><strong>Walz.</strong></span> <span class='ocrx_word' id='word_1_134' title='bbox 209 2275 242 2342; x_wconf 92' lang='lat' dir='ltr'><strong>in</strong></span> <span class='ocrx_word' id='word_1_135' title='bbox 265 2275 366 2344; x_wconf 84' lang='lat' dir='ltr'><strong>Paulli</strong></span> <span class='ocrx_word' id='word_1_136' title='bbox 389 2276 478 2343; x_wconf 87' lang='lat' dir='ltr'><strong>Thes.</strong></span> <span class='ocrx_word' id='word_1_137' title='bbox 502 2277 544 2344; x_wconf 94' lang='lat' dir='ltr'><strong>Il.</strong></span> <span class='ocrx_word' id='word_1_138' title='bbox 571 2278 645 2344; x_wconf 88' lang='grc'><strong>943.</strong></span> <span class='ocrx_word' id='word_1_139' title='bbox 670 2276 860 2343; x_wconf 75' lang='lat' dir='ltr'><strong>Grafenban.</strong></span> <span class='ocrx_word' id='word_1_140' title='bbox 885 2278 926 2344; x_wconf 92' lang='lat' dir='ltr'><strong>ll.</strong></span> <span class='ocrx_word' id='word_1_141' title='bbox 950 2300 981 2363; x_wconf 92' lang='lat' dir='ltr'><strong>p.</strong></span> <span class='ocrx_word' id='word_1_142' title='bbox 1007 2279 1071 2342; x_wconf 88' lang='grc'><strong>208</strong></span> <span class='ocrx_word' id='word_1_143' title='bbox 1094 2289 1125 2344; x_wconf 90' lang='lat' dir='ltr'><strong>et</strong></span> <span class='ocrx_word' id='word_1_144' title='bbox 1149 2281 1225 2345; x_wconf 89' lang='grc'><strong>211.</strong></span> 
     </span>
    </p>

    <p class='ocr_par' dir='ltr' id='par_1_4' title="bbox 76 2396 1249 2702">
     <span class='ocr_line' id='line_1_18' title="bbox 123 2396 1249 2482; baseline 0.002 -20"><span class='ocrx_word' id='word_1_145' title='bbox 123 2396 173 2462; x_wconf 82' lang='lat' dir='ltr'><strong>Ad</strong></span> <span class='ocrx_word' id='word_1_146' title='bbox 196 2396 410 2462; x_wconf 87' lang='lat' dir='ltr'><strong>Democritum</strong></span> <span class='ocrx_word' id='word_1_147' title='bbox 434 2397 546 2462; x_wconf 88' lang='lat' dir='ltr'><strong>Chium</strong></span> <span class='ocrx_word' id='word_1_148' title='bbox 570 2398 725 2462; x_wconf 90' lang='lat' dir='ltr'><strong>musicum</strong></span> <span class='ocrx_word' id='word_1_149' title='bbox 749 2396 904 2462; x_wconf 85' lang='lat' dir='ltr'><strong>nonnulla</strong></span> <span class='ocrx_word' id='word_1_150' title='bbox 923 2421 962 2461; x_wconf 88' lang='lat' dir='ltr'><strong>ex</strong></span> <span class='ocrx_word' id='word_1_151' title='bbox 981 2399 1102 2482; x_wconf 88' lang='lat' dir='ltr'><strong>scriptis</strong></span> <span class='ocrx_word' id='word_1_152' title='bbox 1124 2399 1249 2464; x_wconf 88' lang='lat' dir='ltr'><strong>musicis</strong></span> 
     </span>
     <span class='ocr_line' id='line_1_19' title="bbox 76 2514 1248 2604; baseline 0 -22"><span class='ocrx_word' id='word_1_153' title='bbox 76 2519 161 2583; x_wconf 85' lang='lat' dir='ltr'><strong>forte</strong></span> <span class='ocrx_word' id='word_1_154' title='bbox 183 2515 349 2582; x_wconf 87' lang='lat' dir='ltr'><strong>referenda</strong></span> <span class='ocrx_word' id='word_1_155' title='bbox 371 2527 464 2594; x_wconf 90' lang='lat' dir='ltr'><strong>sunt,</strong></span> <span class='ocrx_word' id='word_1_156' title='bbox 495 2537 576 2601; x_wconf 86' lang='lat' dir='ltr'><strong>quae</strong></span> <span class='ocrx_word' id='word_1_157' title='bbox 606 2515 760 2603; x_wconf 85' lang='lat' dir='ltr'><strong>Diogenes</strong></span> <span class='ocrx_word' id='word_1_158' title='bbox 782 2517 816 2579; x_wconf 86' lang='lat' dir='ltr'><strong>L.</strong></span> <span class='ocrx_word' id='word_1_159' title='bbox 843 2516 924 2582; x_wconf 87' lang='lat' dir='ltr'><strong>inter</strong></span> <span class='ocrx_word' id='word_1_160' title='bbox 954 2514 1129 2602; x_wconf 90' lang='lat' dir='ltr'><strong>philosophi</strong></span> <span class='ocrx_word' id='word_1_161' title='bbox 1152 2539 1248 2604; x_wconf 86' lang='lat' dir='ltr'><strong>opera</strong></span> 
     </span>
     <span class='ocr_line' id='line_1_20' title="bbox 78 2637 245 2702; baseline -0.006 -1"><span class='ocrx_word' id='word_1_162' title='bbox 78 2637 245 2702; x_wconf 89' lang='lat' dir='ltr'><strong>recensuit.</strong></span> 
     </span>
    </p>
   </div>
   <div class='ocr_carea' id='block_1_3' title="bbox 506 2791 838 2853">
    <p class='ocr_par' dir='ltr' id='par_1_5' title="bbox 506 2791 838 2853">
     <span class='ocr_line' id='line_1_21' title="bbox 506 2791 838 2853; baseline 0 -5"><span class='ocrx_word' id='word_1_163' title='bbox 506 2791 838 2853; x_wconf 87' lang='grc' dir='ltr'><strong>ΔΗΜΟΣΘΕΝΕΙΣ.</strong></span> 
     </span>
    </p>
   </div>
   <div class='ocr_carea' id='block_1_4' title="bbox 78 2992 1247 3439">
    <p class='ocr_par' dir='ltr' id='par_1_6' title="bbox 78 2992 1247 3439">
     <span class='ocr_line' id='line_1_22' title="bbox 124 2992 1244 3074; baseline -0.003 -11"><span class='ocrx_word' id='word_1_164' title='bbox 124 2997 347 3063; x_wconf 85' lang='lat' dir='ltr'><strong>Demosthenes</strong></span> <span class='ocrx_word' id='word_1_165' title='bbox 380 3019 473 3062; x_wconf 91' lang='lat' dir='ltr'><strong>snum</strong></span> <span class='ocrx_word' id='word_1_166' title='bbox 508 2996 565 3061; x_wconf 91' lang='lat' dir='ltr'><strong>sibi</strong></span> <span class='ocrx_word' id='word_1_167' title='bbox 599 2995 716 3060; x_wconf 89' lang='lat' dir='ltr'><strong>lemma</strong></span> <span class='ocrx_word' id='word_1_168' title='bbox 748 2994 832 3060; x_wconf 89' lang='lat' dir='ltr'><strong>inter</strong></span> <span class='ocrx_word' id='word_1_169' title='bbox 865 2995 1040 3074; x_wconf 77' lang='grc' dir='ltr'><em>ὁμωνύμους</em></span> <span class='ocrx_word' id='word_1_170' title='bbox 1073 2992 1244 3060; x_wconf 87' lang='lat' dir='ltr'><strong>habebant:</strong></span> 
     </span>
     <span class='ocr_line' id='line_1_23' title="bbox 78 3113 1247 3203; baseline -0.003 -21"><span class='ocrx_word' id='word_1_171' title='bbox 78 3127 206 3203; x_wconf 82' lang='lat' dir='ltr'><strong>praeter</strong></span> <span class='ocrx_word' id='word_1_172' title='bbox 228 3126 385 3181; x_wconf 87' lang='lat' dir='ltr'><strong>oratorem</strong></span> <span class='ocrx_word' id='word_1_173' title='bbox 417 3125 538 3180; x_wconf 87' lang='lat' dir='ltr'><strong>constat</strong></span> <span class='ocrx_word' id='word_1_174' title='bbox 567 3115 726 3178; x_wconf 89' lang='lat' dir='ltr'><strong>Demetrio</strong></span> <span class='ocrx_word' id='word_1_175' title='bbox 748 3116 891 3202; x_wconf 87' lang='lat' dir='ltr'><strong>Magnete</strong></span> <span class='ocrx_word' id='word_1_176' title='bbox 922 3114 1129 3199; x_wconf 85' lang='lat' dir='ltr'><strong>antiquiorem</strong></span> <span class='ocrx_word' id='word_1_177' title='bbox 1153 3113 1247 3180; x_wconf 88' lang='lat' dir='ltr'><strong>fuisse</strong></span> 
     </span>
     <span class='ocr_line' id='line_1_24' title="bbox 78 3232 1246 3321; baseline -0.003 -19"><span class='ocrx_word' id='word_1_178' title='bbox 78 3259 143 3302; x_wconf 90' lang='lat' dir='ltr'><strong>non</strong></span> <span class='ocrx_word' id='word_1_179' title='bbox 173 3236 397 3302; x_wconf 89' lang='lat' dir='ltr'><strong>inhonoratum</strong></span> <span class='ocrx_word' id='word_1_180' title='bbox 427 3243 552 3321; x_wconf 74' lang='lat' dir='ltr'><strong>poetam</strong></span> <span class='ocrx_word' id='word_1_181' title='bbox 581 3233 819 3298; x_wconf 88' lang='lat' dir='ltr'><strong>Demosthenem</strong></span> <span class='ocrx_word' id='word_1_182' title='bbox 843 3232 1032 3319; x_wconf 89' lang='lat' dir='ltr'><strong>Bithynum,</strong></span> <span class='ocrx_word' id='word_1_183' title='bbox 1065 3236 1246 3298; x_wconf 70' lang='lat' dir='ltr'><strong>Belminatis</strong></span> 
     </span>
     <span class='ocr_line' id='line_1_25' title="bbox 80 3352 1247 3439; baseline -0.002 -19"><span class='ocrx_word' id='word_1_184' title='bbox 80 3368 111 3420; x_wconf 87' lang='lat' dir='ltr'><strong>et</strong></span> <span class='ocrx_word' id='word_1_185' title='bbox 133 3355 262 3421; x_wconf 77' lang='grc' dir='ltr'><em>κτίσεων</em></span> <span class='ocrx_word' id='word_1_186' title='bbox 286 3367 462 3432; x_wconf 88' lang='lat' dir='ltr'><strong>auctorem,</strong></span> <span class='ocrx_word' id='word_1_187' title='bbox 488 3375 581 3438; x_wconf 91' lang='lat' dir='ltr'><strong>quem</strong></span> <span class='ocrx_word' id='word_1_188' title='bbox 603 3352 772 3417; x_wconf 86' lang='lat' dir='ltr'><strong>Meinekius</strong></span> <span class='ocrx_word' id='word_1_189' title='bbox 791 3353 882 3421; x_wconf 86' lang='lat' dir='ltr'><strong>Anal.</strong></span> <span class='ocrx_word' id='word_1_190' title='bbox 902 3353 992 3420; x_wconf 85' lang='lat' dir='ltr'><strong>Alex.</strong></span> <span class='ocrx_word' id='word_1_191' title='bbox 1013 3377 1043 3439; x_wconf 94' lang='lat' dir='ltr'><strong>p.</strong></span> <span class='ocrx_word' id='word_1_192' title='bbox 1061 3355 1099 3418; x_wconf 90' lang='grc'><strong>21</strong></span> <span class='ocrx_word' id='word_1_193' title='bbox 1121 3353 1247 3438; x_wconf 86' lang='lat' dir='ltr'><strong>Eupho·</strong></span> 
     </span>
    </p>
   </div>
   <div class='ocr_carea' id='block_1_5' title="bbox 79 3471 1247 3679">
    <p class='ocr_par' dir='ltr' id='par_1_7' title="bbox 79 3471 1247 3679">
     <span class='ocr_line' id='line_1_26' title="bbox 79 3471 1247 3559; baseline -0.003 -18"><span class='ocrx_word' id='word_1_194' title='bbox 79 3476 177 3541; x_wconf 89' lang='lat' dir='ltr'><strong>rionis</strong></span> <span class='ocrx_word' id='word_1_195' title='bbox 199 3475 408 3541; x_wconf 84' lang='lat' dir='ltr'><strong>Chalcidensis</strong></span> <span class='ocrx_word' id='word_1_196' title='bbox 430 3472 594 3559; x_wconf 86' lang='lat' dir='ltr'><strong>aequalem</strong></span> <span class='ocrx_word' id='word_1_197' title='bbox 619 3471 713 3536; x_wconf 90' lang='lat' dir='ltr'><strong>fnisse</strong></span> <span class='ocrx_word' id='word_1_198' title='bbox 735 3473 920 3558; x_wconf 86' lang='lat' dir='ltr'><strong>suspicatur.</strong></span> <span class='ocrx_word' id='word_1_199' title='bbox 946 3471 1025 3541; x_wconf 88' lang='lat' dir='ltr'><strong>Vide</strong></span> <span class='ocrx_word' id='word_1_200' title='bbox 1045 3472 1084 3539; x_wconf 91' lang='lat' dir='ltr'><strong>de</strong></span> <span class='ocrx_word' id='word_1_201' title='bbox 1106 3496 1145 3538; x_wconf 95' lang='lat' dir='ltr'><strong>eo</strong></span> <span class='ocrx_word' id='word_1_202' title='bbox 1166 3473 1247 3538; x_wconf 85' lang='lat' dir='ltr'><strong>ttul-</strong></span> 
     </span>
     <span class='ocr_line' id='line_1_27' title="bbox 81 3591 1246 3679; baseline -0.003 -18"><span class='ocrx_word' id='word_1_203' title='bbox 81 3594 185 3661; x_wconf 88' lang='lat' dir='ltr'><strong>lerum</strong></span> <span class='ocrx_word' id='word_1_204' title='bbox 208 3597 241 3662; x_wconf 84' lang='lat' dir='ltr'><strong>F.</strong></span> <span class='ocrx_word' id='word_1_205' title='bbox 267 3597 304 3663; x_wconf 88' lang='lat' dir='ltr'><strong>H.</strong></span> <span class='ocrx_word' id='word_1_206' title='bbox 319 3595 376 3662; x_wconf 89' lang='lat' dir='ltr'><strong>Gr.</strong></span> <span class='ocrx_word' id='word_1_207' title='bbox 397 3596 451 3663; x_wconf 92' lang='lat' dir='ltr'><strong>lV.</strong></span> <span class='ocrx_word' id='word_1_208' title='bbox 473 3593 548 3660; x_wconf 82' lang='lat'><strong>384.</strong></span> <span class='ocrx_word' id='word_1_209' title='bbox 572 3603 603 3657; x_wconf 87' lang='lat' dir='ltr'><strong>ct</strong></span> <span class='ocrx_word' id='word_1_210' title='bbox 620 3594 677 3658; x_wconf 89' lang='lat'><strong>111.</strong></span> <span class='ocrx_word' id='word_1_211' title='bbox 693 3594 767 3670; x_wconf 79' lang='grc'><strong>207,</strong></span> <span class='ocrx_word' id='word_1_212' title='bbox 789 3592 842 3657; x_wconf 90' lang='lat' dir='ltr'><strong>nbi</strong></span> <span class='ocrx_word' id='word_1_213' title='bbox 859 3592 1038 3659; x_wconf 80' lang='lat' dir='ltr'><strong>Alexander</strong></span> <span class='ocrx_word' id='word_1_214' title='bbox 1055 3591 1246 3679; x_wconf 88' lang='lat' dir='ltr'><strong>Polyhistor,</strong></span> 
     </span>
    </p>
   </div>
   <div class='ocr_carea' id='block_1_6' title="bbox 80 3711 1264 4404">
    <p class='ocr_par' dir='ltr' id='par_1_8' title="bbox 80 3711 1248 4035">
     <span class='ocr_line' id='line_1_28' title="bbox 80 3711 1247 3804; baseline -0.003 -24"><span class='ocrx_word' id='word_1_215' title='bbox 80 3716 231 3782; x_wconf 87' lang='lat' dir='ltr'><strong>Demetrii</strong></span> <span class='ocrx_word' id='word_1_216' title='bbox 254 3715 405 3804; x_wconf 83' lang='lat' dir='ltr'><strong>Magnetis</strong></span> <span class='ocrx_word' id='word_1_217' title='bbox 428 3737 491 3779; x_wconf 91' lang='lat' dir='ltr'><strong>non</strong></span> <span class='ocrx_word' id='word_1_218' title='bbox 510 3714 616 3779; x_wconf 91' lang='lat' dir='ltr'><strong>iunior</strong></span> <span class='ocrx_word' id='word_1_219' title='bbox 639 3711 794 3800; x_wconf 85' lang='lat' dir='ltr'><strong>aequalis,</strong></span> <span class='ocrx_word' id='word_1_220' title='bbox 822 3711 930 3778; x_wconf 87' lang='lat' dir='ltr'><strong>laudat</strong></span> <span class='ocrx_word' id='word_1_221' title='bbox 952 3712 1192 3778; x_wconf 88' lang='lat' dir='ltr'><strong>Demosthenem</strong></span> <span class='ocrx_word' id='word_1_222' title='bbox 1214 3712 1247 3777; x_wconf 87' lang='lat' dir='ltr'><strong>in</strong></span> 
     </span>
     <span class='ocr_line' id='line_1_29' title="bbox 81 3831 1248 3928; baseline -0.002 -28"><span class='ocrx_word' id='word_1_223' title='bbox 81 3835 217 3924; x_wconf 89' lang='lat' dir='ltr'><strong>Libycis;</strong></span> <span class='ocrx_word' id='word_1_224' title='bbox 247 3833 324 3899; x_wconf 88' lang='lat' dir='ltr'><strong>alios</strong></span> <span class='ocrx_word' id='word_1_225' title='bbox 346 3832 569 3900; x_wconf 88' lang='lat' dir='ltr'><strong>Demosthenes</strong></span> <span class='ocrx_word' id='word_1_226' title='bbox 591 3832 712 3900; x_wconf 92' lang='lat' dir='ltr'><strong>dabunt</strong></span> <span class='ocrx_word' id='word_1_227' title='bbox 733 3831 891 3899; x_wconf 84' lang='lat' dir='ltr'><strong>Fabricius</strong></span> <span class='ocrx_word' id='word_1_228' title='bbox 915 3833 951 3928; x_wconf 88' lang='grc' dir='ltr'>Β</span> <span class='ocrx_word' id='word_1_229' title='bbox 974 3833 1030 3899; x_wconf 89' lang='lat' dir='ltr'><strong>Gr.</strong></span> <span class='ocrx_word' id='word_1_230' title='bbox 1055 3843 1086 3897; x_wconf 92' lang='lat' dir='ltr'><strong>et</strong></span> <span class='ocrx_word' id='word_1_231' title='bbox 1107 3834 1248 3898; x_wconf 90' lang='lat' dir='ltr'><strong>Wester·</strong></span> 
     </span>
     <span class='ocr_line' id='line_1_30' title="bbox 81 3952 576 4035; baseline 0.004 -15"><span class='ocrx_word' id='word_1_232' title='bbox 81 3977 217 4020; x_wconf 89' lang='lat' dir='ltr'><strong>mannus</strong></span> <span class='ocrx_word' id='word_1_233' title='bbox 240 3953 303 4035; x_wconf 89' lang='lat' dir='ltr'><strong>Qu.</strong></span> <span class='ocrx_word' id='word_1_234' title='bbox 328 3954 416 4021; x_wconf 89' lang='lat' dir='ltr'><strong>Dem.</strong></span> <span class='ocrx_word' id='word_1_235' title='bbox 440 3955 495 4022; x_wconf 88' lang='lat' dir='ltr'><strong>lV.</strong></span> <span class='ocrx_word' id='word_1_236' title='bbox 521 3952 576 4022; x_wconf 86' lang='lat'><strong>39.</strong></span> 
     </span>
    </p>

    <p class='ocr_par' dir='ltr' id='par_1_9' title="bbox 125 4073 615 4153">
     <span class='ocr_line' id='line_1_31' title="bbox 125 4073 615 4153; baseline 0 -13"><span class='ocrx_word' id='word_1_237' title='bbox 125 4073 437 4153; x_wconf 85' lang='lat' dir='ltr'><strong>Demosthenes,</strong></span> <span class='ocrx_word' id='word_1_238' title='bbox 463 4081 615 4140; x_wconf 88' lang='lat' dir='ltr'><strong>orator.</strong></span> 
     </span>
    </p>

    <p class='ocr_par' dir='ltr' id='par_1_10' title="bbox 82 4188 1264 4404">
     <span class='ocr_line' id='line_1_32' title="bbox 125 4188 1248 4278; baseline -0.005 -20"><span class='ocrx_word' id='word_1_239' title='bbox 125 4195 182 4262; x_wconf 89' lang='lat' dir='ltr'><strong>Ps.</strong></span> <span class='ocrx_word' id='word_1_240' title='bbox 206 4193 471 4262; x_wconf 88' lang='lat' dir='ltr'><strong>Plutarchus.</strong></span> <span class='ocrx_word' id='word_1_241' title='bbox 496 4193 577 4259; x_wconf 91' lang='lat' dir='ltr'><strong>vitae</strong></span> <span class='ocrx_word' id='word_1_242' title='bbox 600 4194 640 4260; x_wconf 87' lang='lat' dir='ltr'><strong>X.</strong></span> <span class='ocrx_word' id='word_1_243' title='bbox 665 4199 744 4259; x_wconf 89' lang='lat' dir='ltr'><strong>orat.</strong></span> <span class='ocrx_word' id='word_1_244' title='bbox 767 4213 799 4278; x_wconf 92' lang='lat' dir='ltr'><strong>p.</strong></span> <span class='ocrx_word' id='word_1_245' title='bbox 825 4191 906 4256; x_wconf 81' lang='lat'>844:</span> <span class='ocrx_word' id='word_1_246' title='bbox 931 4192 969 4264; x_wconf 76' lang='grc' dir='ltr'><strong>ὡς</strong></span> <span class='ocrx_word' id='word_1_247' title='bbox 999 4191 1030 4255; x_wconf 74' lang='grc' dir='ltr'><strong>δὲ</strong></span> <span class='ocrx_word' id='word_1_248' title='bbox 1054 4188 1248 4268; x_wconf 71' lang='grc' dir='ltr'><em>Ἡννσίωςὸ</em></span> 
     </span>
     <span class='ocr_line' id='line_1_33' title="bbox 82 4307 1264 4404; baseline -0.008 -24"><span class='ocrx_word' id='word_1_249' title='bbox 82 4313 218 4393; x_wconf 75' lang='grc' dir='ltr'><em>Μνένννς</em></span> <span class='ocrx_word' id='word_1_250' title='bbox 241 4314 354 4397; x_wconf 74' lang='grc' dir='ltr'><em>φησίν,</em></span> <span class='ocrx_word' id='word_1_251' title='bbox 370 4313 396 4404; x_wconf 82' lang='grc' dir='ltr'><strong>(ὁ</strong></span> <span class='ocrx_word' id='word_1_252' title='bbox 414 4312 627 4403; x_wconf 74' lang='grc' dir='ltr'><strong>Δημοσθένης)</strong></span> <span class='ocrx_word' id='word_1_253' title='bbox 649 4312 752 4388; x_wconf 72' lang='grc' dir='ltr'><em>ἐδεήθη</em></span> <span class='ocrx_word' id='word_1_254' title='bbox 772 4315 826 4377; x_wconf 79' lang='grc' dir='ltr'><strong>τοῦ</strong></span> <span class='ocrx_word' id='word_1_255' title='bbox 842 4310 1048 4389; x_wconf 72' lang='grc' dir='ltr'><em>πμνδωνωνοῦ</em></span> <span class='ocrx_word' id='word_1_256' title='bbox 1064 4307 1114 4376; x_wconf 77' lang='lat' dir='ltr'><strong>ira</strong></span> <span class='ocrx_word' id='word_1_257' title='bbox 1128 4317 1264 4389; x_wconf 74' lang='lat' dir='ltr'><strong>Kamu-¹</strong></span> 
     </span>
    </p>
   </div>
   <div class='ocr_carea' id='block_1_7' title="bbox 0 0 1430 4546">
    <p class='ocr_par' dir='ltr' id='par_1_11' title="bbox 0 0 1430 4546">
     <span class='ocr_line' id='line_1_34' title="bbox 0 0 1430 4546; baseline 0 0"><span class='ocrx_word' id='word_1_258' title='bbox 0 0 1430 4546; x_wconf 95' lang='lat' dir='ltr'><strong> </strong></span> 
     </span>
    </p>
   </div>
  </div>
 </body>
</html>
