2848 4546
654 311 713 376 101

87 534 130 597 06
162 529 308 598 confecit.
354 533 408 598 His
439 531 518 598 adde
548 531 780 620 fragmentum,
813 529 914 610 soluta
937 530 1077 595 oratione
1100 527 1258 613 conscrip-

86 664 175 730 tum,
201 652 286 738 quod
308 652 460 718 Stobaeus
481 651 630 740 Florileg.
653 653 705 716 64.
727 653 769 717 39
795 650 849 740 (cf.
870 649 1029 715 Plutarch.
1047 647 1160 734 parall.
1180 648 1257 714 min.

85 773 144 860 33)
166 797 205 838 ex
229 773 372 854 Ζωπύρου
400 773 482 838 libro
513 773 605 837 tertio
628 773 779 848 Θησηΐδος
804 769 948 834 servavit.
986 767 1138 832 Mullorus
1160 768 1193 833 F.
1218 768 1257 832 H.

83 893 142 958 Gr.
162 895 218 961 IV.
244 893 326 972 533,
352 893 370 957 6
395 893 500 958 minus
523 903 607 957 recte
630 915 669 956 ex
692 891 826 956 Stobaeo
848 899 879 954 et
901 887 998 953 Suida
1021 911 1050 952 v.
1073 888 1255 968 ψνύνρνστῇ,

84 1011 221 1078 confecit
243 1014 359 1101 Zopyri
383 1037 509 1100 quoque
532 1012 683 1080 Thesetda
707 1012 800 1076 fuisse
823 1019 946 1098 poema.

130 1131 251 1212 τρίτος,
270 1133 373 1215 ἰατρὸς
390 1133 484 1214 Κῷος.
510 1134 580 1216 Non
597 1131 732 1209 mirum,
753 1131 777 1195 si
794 1130 886 1196 multi
901 1128 1014 1195 medici
1030 1153 1069 1195 ex
1080 1127 1183 1194 insula
1194 1127 1255 1205 Co,

84 1252 283 1338 Hippocratis
306 1251 426 1338 patria,
455 1250 581 1316 oriundi
604 1250 698 1316 fuisse
720 1248 867 1315 dicantur
889 1261 921 1314 et
942 1249 1025 1314 inter
1047 1270 1099 1312 eos
1121 1269 1204 1312 unus
1227 1258 1259 1310 et

82 1369 166 1435 alter
199 1369 374 1458 Xenophon
409 1380 590 1436 occurrant.
647 1371 686 1434 Hi
717 1379 821 1434 tamen
863 1368 1008 1458 religiose
1042 1364 1257 1441 discernendi,

83 1512 188 1576 neque
222 1511 296 1555 cum
330 1491 475 1578 Menagio
516 1490 647 1576 aliisque
681 1512 754 1554 eum
788 1488 921 1568 secutis,
953 1487 1004 1553 hic
1038 1487 1141 1566 Ξοντρὸς
1175 1486 1285 1566 Κῷος.

84 1609 244 1698 putandus
272 1621 319 1675 est
341 1609 434 1675 fuisse
457 1609 579 1675 Claudii
603 1610 741 1676 Caesaris
763 1608 919 1689 medicus,
947 1607 986 1674 de
1009 1631 1072 1694 quo
1095 1608 1168 1671 Tac.
1191 1604 1257 1673 An-

83 1731 149 1798 nal.
182 1733 259 1810 Xll,
292 1732 333 1796 61
358 1743 389 1796 et
412 1732 471 1812 67;
505 1732 687 1819 quicunque
715 1739 800 1795 tenet
822 1753 854 1794 se
876 1731 907 1794 in
933 1727 1083 1793 Demetrii
1105 1725 1258 1814 Magnetis

84 1850 252 1929 ὁμωνύμων
282 1851 435 1939 catalogis
465 1853 598 1930 versari,
630 1851 711 1916 idem
743 1849 875 1927 videbit,
908 1847 993 1934 apud
1021 1847 1197 1912 Fabricium
1225 1846 1258 1910 in

83 1968 276 2034 Medicorum
306 1969 458 2056 Catalogo
488 1971 523 2035 B.
556 1970 612 2034 Gr.
637 1970 724 2033 Xlll.
749 1969 815 2032 453
838 1978 869 2032 et
892 1988 910 2030 a
933 1964 1119 2051 Sprengelio
1141 1963 1254 2030 Gesch.

83 2087 115 2152 d.
141 2088 236 2152 Arzn.
260 2088 285 2151 1.
311 2089 392 2166 604,
418 2087 473 2152 etsi
497 2110 516 2152 a
538 2087 697 2152 Demetrio
719 2087 775 2152 has
798 2086 964 2165 ὁμωνύμων
987 2085 1080 2149 series
1096 2105 1161 2147 esse
1181 2105 1256 2148 con·

86 2205 182 2271 lectas
209 2205 415 2294 ignorabant,
445 2207 561 2294 optime
583 2205 826 2293 Xenophontem
849 2206 900 2270 τὸν
923 2205 1026 2286 tarpio
1049 2203 1131 2284 Κῷον
1155 2201 1258 2266 direr-

83 2349 156 2390 sum
178 2325 272 2391 statui
291 2349 309 2390 a
327 2326 534 2413 Xenophonte
557 2326 741 2393 Claudiano.
781 2324 958 2411 Xenophon
981 2323 1136 2402 medicus,
1161 2345 1257 2408 quem

84 2446 262 2512 Demetrius
291 2447 391 2526 novit,
424 2446 541 2512 librum
565 2446 604 2513 de
631 2447 768 2512 externis
791 2445 974 2531 corporibus
996 2443 1137 2529 partibus
1158 2443 1256 2528 scrip-

83 2565 143 2643 sit,
176 2577 208 2631 et
234 2589 298 2632 non
326 2567 430 2633 solum
461 2591 500 2632 ex
526 2566 703 2632 Erasistrati
733 2563 839 2630 schola
869 2563 1044 2650 profectus,
1076 2560 1129 2626 sed
1159 2560 1255 2646 ipsius

83 2687 259 2751 Erasistrati
282 2684 465 2772 dissipulus,
491 2685 575 2750 circa
598 2707 626 2751 a.
653 2685 717 2750 250
741 2707 769 2752 a.
794 2685 826 2752 (l.
848 2682 991 2748 floruerit
1015 2679 1139 2770 (Galen.
1160 2681 1251 2758 xlv,

85 2809 149 2872 ’100
180 2806 323 2896 Kuhn.);
354 2831 392 2872 eo
422 2807 527 2872 iunior
558 2806 617 2872 fuit
646 2805 833 2892 Apollonius
854 2801 1054 2888 Memphites,
1085 2797 1256 2885 discipulus

81 2926 236 2990 Stratonis
258 2927 393 3014 Berytii,
418 2927 472 3012 qui
496 2928 619 3004 Strato,
644 2936 720 2990 teste
743 2924 902 2989 Demetrio
924 2924 1069 3010 Magnete
1093 2918 1195 3008 (Diog.
1220 2919 1254 2986 L.

82 3047 121 3113 V.
143 3045 220 3134 61),
240 3057 309 3111 erat
331 3045 472 3125 μωύντὶνς
502 3043 767 3126 ’Epeo-arpano,
796 3045 834 3115 ὡς
861 3042 893 3108 δὲ
916 3065 997 3112 τννες
1018 3039 1180 3122 τρόφιμος.
1212 3035 1253 3100 cf.

81 3165 247 3252 Sprengel.
272 3164 293 3231 l.
319 3165 339 3230 l.
363 3189 394 3253 p.
420 3166 495 3231 601.

127 3284 268 3366 Quartus
292 3285 485 3372 Xenophon,
511 3284 565 3371 qui
588 3284 626 3349 de
651 3283 834 3348 Hannibalis
857 3281 950 3348 rebus
972 3280 1065 3370 gestis
1089 3284 1197 3364 egerat
1222 3284 1254 3340 ot

84 3404 229 3489 quintus,
255 3408 440 3484 statuarius,
467 3403 595 3469 aliunde
614 3403 714 3493 ignoti
732 3413 820 3482 sunt3
846 3414 877 3467 et
894 3399 980 3466 unde
1000 3400 1031 3464 in
1051 3407 1138 3463 tanta
1149 3404 1254 3483 strage

85 3536 362 3590 monumentorum
386 3536 548 3604 veterum,
583 3547 720 3610 quorum
743 3546 825 3601 non,
859 3533 895 3588 ut
918 3520 1004 3586 credi
1027 3517 1123 3596 solet,
1154 3515 1255 3579 maior

84 3666 172 3729 pars,
205 3643 259 3709 sed
286 3667 439 3732 perquam
470 3645 587 3734 exigua
614 3644 655 3708 ad
677 3667 733 3708 nos
756 3643 917 3730 pervenit,
948 3639 1032 3705 unde
1056 3637 1172 3722 absque
1193 3636 1254 3698 De-

84 3763 196 3828 metrio
227 3766 370 3851 Magnete
399 3763 677 3842 inaudivissemus,
707 3761 901 3828 comoediam
926 3760 1088 3845 antiquam
1110 3753 1254 3819 habuisse

84 3891 192 3970 poetas
214 3883 452 3969 Xenophontem
478 3893 509 3948 et
527 3882 747 3948 Arcesilaum?
1004 3959 1007 3964 ¹

128 4001 238 4090 Melius
266 4012 408 4067 constare
438 4013 538 4089 potest
568 4000 606 4066 de
636 4003 746 4088 quinto
775 3996 997 4085 Xenophonte,
1031 4015 1125 4080 quem
1149 4003 1254 4057 tamen

85 4121 189 4187 adhuc
219 4120 332 4187 densae
363 4121 510 4187 tenebrae
541 4133 700 4209 premunt.
745 4121 874 4190 Vossius
896 4119 934 4184 H.
959 4117 1015 4180 Gr.
1042 4137 1073 4200 p.
1098 4112 1174 4178 510.
1198 4111 1253 4174 W.

85 4252 116 4307 et
138 4240 290 4308 Mullerus
306 4243 339 4308 F.
352 4243 390 4309 H.
411 4241 468 4310 Gr.
489 4243 546 4307 lll.
570 4244 643 4308 101.
664 4241 715 4306 τὸν
736 4239 857 4319 μνύύδν
876 4234 1040 4317 πρωτεύων
1058 4250 1254 4311 πεπρωνμνν-

85 4361 231 4441 νεωμένον
262 4362 387 4430 nonnisi
417 4387 456 4430 ex
487 4363 628 4452 Diogene
657 4361 782 4428 Laertio
812 4357 973 4446 cognitum
997 4352 1133 4427 habent,
1157 4368 1260 4431 neque
