2848 4546
689 316 730 382 70

122 543 237 613 rationi
267 542 305 608 de
344 539 479 606 lliotimo
505 539 673 624 impostore
702 535 796 602 habet
824 537 975 602 Luzacins
1004 537 1037 602 in
1067 538 1150 602 Lect.
1174 538 1238 602 htt.
1264 560 1296 622 p.

130 665 193 731 153
230 686 293 749 seq.
326 661 527 743 miraturque
558 656 701 724 fraudem
732 656 821 720 istam
852 655 977 720 Diotirni
1011 665 1041 721 et
1072 679 1089 720 a
1124 656 1295 734 Cicerone,

124 786 175 850 cui
207 783 379 869 Epicureae
405 777 560 865 Epistulae
590 776 771 863 frequenter
800 775 918 840 fuerint
940 776 1141 856 observatae,
1177 778 1296 863 quique

122 905 293 992 Epicurum
317 897 572 986 reprehenderit,
597 908 629 961 et
651 919 668 961 a
693 898 812 962 Seneca
833 897 1009 984 ignoratam
1034 897 1138 964 fuisse.
1172 885 1295 966 Verum

124 1048 189 1090 non
215 1021 293 1087 adeo
316 1022 449 1096 mirum,
474 1017 498 1082 si
521 1018 640 1082 Seneca
651 1017 772 1080 Stoicus
794 1016 920 1080 Diotimi
935 1016 1029 1082 Stoici
1041 1016 1162 1082 facinus
1174 1039 1296 1103 aequa-

124 1144 207 1210 libus
241 1142 303 1207 suis
337 1163 400 1205 non
436 1137 622 1202 narraverit.
669 1133 763 1217 Quod
789 1135 897 1200 Cicero
919 1135 951 1200 id
973 1137 1188 1224 ignoraverit,
1223 1135 1297 1202 licet

126 1287 198 1330 eum
222 1263 382 1348 ignorasse
406 1256 614 1323 demonstrari
632 1263 754 1340 posset,
779 1264 885 1320 tamen
909 1277 948 1320 ex
970 1254 1063 1320 huius
1085 1254 1209 1321 silentio
1230 1278 1295 1320 non

126 1381 263 1448 multum
287 1375 513 1444 conficiendum
538 1376 612 1440 erit:
644 1397 685 1441 ne
708 1373 811 1440 dicam
833 1374 1031 1453 Ciceronem,
1063 1373 1217 1441 scribendi
1240 1397 1296 1440 ar-

125 1501 201 1565 dore
225 1509 373 1584 captum,
398 1518 506 1560 omnes
528 1494 599 1560 illos
622 1495 717 1560 libros
740 1493 967 1580 philosophicos
989 1493 1113 1580 aliaque
1136 1493 1295 1582 permulta

124 1621 207 1684 intra
237 1618 332 1682 breve
360 1615 508 1702 temporis
531 1615 665 1701 spatium
679 1614 893 1700 conscripsisse
908 1613 961 1703 (cf.
975 1613 1110 1682 Clinton.
1133 1615 1166 1679 E.
1186 1617 1225 1678 H.
1250 1633 1293 1681 a0.

125 1742 177 1805 45.
193 1739 245 1804 44.
258 1736 392 1813 Fischer,
405 1739 496 1801 Rom.
520 1732 643 1800 Zeittaf.
656 1732 742 1821 ibid.)
758 1745 788 1799 et
800 1756 863 1798 nou
881 1735 987 1799 omnia
1003 1734 1081 1800 adeo
1103 1735 1293 1822 diligenter,

124 1860 246 1946 saepius
264 1857 372 1922 eadem
384 1856 430 1921 bis
442 1855 491 1922 vel
504 1865 562 1932 ter,
582 1853 713 1942 vulgata
726 1852 930 1938 plerumque,
955 1876 1103 1918 nonvero
1114 1854 1295 1922 abscondita
1410 1909 1411 1916 ,

123 1979 283 2055 retulisse,
315 2000 417 2064 neque
448 1975 569 2060 aliquot
591 1983 714 2038 tantum
738 1971 823 2037 locos
841 1972 879 2037 de
895 1971 1048 2040 industria
1071 1985 1292 2060 pertractasse,

124 2098 177 2165 sed
207 2099 239 2162 in
271 2119 379 2160 omnes
408 2105 511 2182 partes
542 2117 559 2158 e
589 2093 741 2158 memoria
771 2091 906 2157 scribere
929 2093 1071 2173 solitum,
1105 2095 1292 2176 evolavisse3

124 2231 231 2286 tamen
255 2217 363 2283 Cicero
385 2215 416 2280 id
439 2215 520 2303 egit,
545 2223 582 2278 ut
604 2212 643 2278 de
665 2211 922 2299 philosophorum
946 2213 1067 2299 placitis
1089 2223 1120 2280 et
1142 2225 1292 2302 systema·
1408 2245 1409 2274 r

123 2339 162 2402 tis
185 2335 366 2413 dissereret,
396 2357 459 2400 non
491 2355 567 2398 vero
590 2342 626 2396 ut
648 2330 823 2396 historiolae
835 2341 866 2396 et
876 2334 1071 2399 narrationes
1082 2333 1122 2399 ad
1145 2358 1198 2402 eos
1220 2359 1292 2422 per·

121 2459 256 2522 tinentes
297 2454 400 2520 dedit-a
431 2473 526 2538 opera
555 2450 737 2538 indagaret,
781 2450 897 2518 nedum
932 2453 1007 2539 quid
1040 2455 1072 2518 in
1102 2453 1149 2520 his
1178 2476 1290 2520 verum
1406 2437 1408 2462 ⁴

124 2585 203 2641 esset
225 2599 284 2640 nec
306 2598 361 2652 ne,
386 2570 570 2637 diiudicaret
592 2582 623 2634 et
645 2570 856 2636 constitueret.
902 2572 988 2638 Talia
1008 2595 1122 2659 parum
1145 2575 1173 2639 ei
1197 2598 1292 2641 curae

123 2706 229 2774 erant,
254 2692 428 2759 testimonia
452 2690 630 2778 promiscue
649 2690 691 2756 ibi
709 2713 836 2776 quoque
855 2691 1010 2772 adhibuit,
1035 2693 1089 2758 ubi
1118 2694 1158 2759 de
1180 2717 1290 2760 eorum

125 2813 186 2880 fide
217 2813 442 2879 controversias
469 2833 534 2876 esse
564 2809 688 2878 sciebat.
734 2812 801 2875 Hoc
832 2811 934 2896 ipsum
965 2812 997 2876 in
1029 2811 1132 2891 libris,
1166 2813 1293 2899 Epicuri

124 2931 252 2997 nomine
275 2930 484 3008 circumlatis,
510 2928 641 3008 obtinet;
666 2930 774 2994 Cicero
797 2932 881 2996 enim
904 2955 968 2996 non
993 2933 1122 3019 ignarus
1145 2932 1230 3000 litem
1255 2933 1293 2998 de

122 3052 170 3117 his
197 3073 262 3116 esse
294 3059 413 3127 actam,
446 3047 649 3114 nihilominus
678 3047 713 3112 iis
743 3071 818 3112 usus
845 3061 900 3116 cst.
946 3050 998 3116 Ait
1027 3051 1134 3116 Cicero
1164 3050 1203 3116 de
1225 3051 1291 3116 Ein.

124 3169 251 3235 11.25:
285 3178 417 3250 „tamen
447 3168 472 3232 si
503 3167 580 3234 haec
608 3189 684 3231 vera
713 3180 830 3247 essent,
861 3169 938 3235 nihil
958 3170 1040 3236 euim
1066 3163 1241 3243 adfirmo,'’'
1262 3181 1292 3237 et

124 3290 162 3355 de
185 3289 252 3354 Fiu.
275 3289 317 3353 ll.
344 3292 405 3364 30,
437 3286 562 3352 locutus
591 3286 630 3352 de
659 3288 786 3374 Epicuri
815 3290 945 3377 epistola
974 3289 1013 3354 ad
1043 3290 1288 3356 Hermarchum:

124 3407 206 3490 „sed
228 3406 305 3492 quid
328 3407 383 3472 tibi
401 3405 566 3472 dicendum
588 3407 642 3485 sit,
668 3407 782 3474 oblitus
793 3431 842 3487 es,
861 3411 1011 3495 Epicure,
1036 3411 1175 3496 primum
1189 3411 1288 3488 enim,
1398 3385 1399 3388 Ἴ

124 3528 150 3594 si
165 3549 240 3593 vera
264 3539 337 3592 sunt
359 3549 410 3604 ea,
435 3549 571 3612 quorum
596 3527 811 3592 recordatione
834 3539 864 3594 te
887 3527 1025 3616 gaudere
1047 3529 1140 3608 dicis,
1164 3529 1225 3596 hoc
1247 3542 1291 3595 est

124 3649 150 3714 si
172 3671 248 3714 vera
282 3658 355 3713 sunt
389 3658 444 3712 tua
478 3647 593 3732 scripta
624 3659 655 3712 et
684 3647 842 3713 inventa.'’
889 3647 1004 3713 Eadem
1032 3650 1153 3716 ratione
1183 3651 1289 3716 Cicero

123 3768 270 3835 fabellam
290 3767 329 3833 de
348 3767 526 3833 Democrito
545 3766 694 3832 narrabat
712 3766 750 3832 de
768 3769 833 3833 Fin.
846 3769 886 3835 V.
908 3769 964 3832 29:
989 3791 1073 3850 „cur
1095 3769 1289 3858 Pythagoras

122 3929 167 3940 -
201 3899 246 3954 tot
279 3886 378 3952 maria
413 3886 605 3952 transmisit?
641 3909 698 3952 cur
730 3886 808 3952 haec
841 3885 949 3951 eadem
984 3889 1201 3954 Democritus?
1237 3891 1288 3976 qui

125 4008 210 4098 (vere
233 4007 366 4085 falsone,
391 4030 432 4071 ne
455 4004 657 4095 quaeramus)
683 4005 797 4074 dicitur
819 4006 919 4072 oculis
942 4030 974 4072 se
1002 4008 1154 4093 privasse:
1187 4019 1285 4087 certe,

121 4138 157 4193 ut
187 4149 282 4214 quam
311 4126 439 4190 minime
471 4127 595 4192 animus
625 4127 905 4215 acogitationibus
937 4127 1163 4208 abduceretur;
1188 4129 1286 4214 patri·

120 4246 263 4312 monium
286 4243 427 4332 neglexit
448 4283 492 4296 —
516 4245 592 4332 quid
623 4270 776 4333 quaerens
805 4248 890 4314 aliud
919 4249 976 4316 uisi
999 4249 1123 4316 beatam
1146 4250 1240 4314 vitam
1251 4249 1284 4315 ?'’

13 4385 97 4449 μ
119 4365 270 4430 Luzacius
292 4362 370 4430 dixit
390 4366 529 4432 lonsium
554 4391 593 4432 cx
616 4366 686 4434 loco
706 4367 744 4434 de
767 4369 832 4434 Fin.
854 4371 894 4432 ll.
916 4370 968 4434 25.
993 4370 1129 4436 effecisse
1148 4370 1284 4436 Ciceroni
