2822 4540
699 288 741 354 52

131 511 241 578 Snidas
263 510 360 600 igitur
378 509 500 598 sculpsit
518 507 596 592 ἔσχε
617 510 654 588 δὲ,
666 510 719 575 κού
739 509 819 582 υἱοὺς
840 508 1017 589 Τροιηικοὺς
1033 507 1101 582 δύο,
1120 504 1308 590 Εὐφορίωνος

132 630 185 695 κνιὶ
213 628 361 709 Εύβύωνω
387 628 438 696 vel
463 627 620 694 Εύιιίωνοι.
668 629 735 693 lam
758 627 837 693 Bion
860 625 940 691 alter
962 627 1101 714 tragicus
1122 626 1253 692 evanuit
1275 635 1311 690 et

134 748 263 814 Suidam
297 749 426 814 missum
460 747 564 814 faeere
597 747 722 828 liceret,
757 746 811 813 sed
844 746 986 812 conferas
1018 745 1201 830 Εὐφορίωνος
1231 767 1310 812 cum

135 867 282 934 Elotana
312 867 511 954 barbaroque
539 868 705 951 Εύβύωνοι,
733 877 765 932 et
786 865 917 932 dubium
941 867 1104 944 nouerit,
1135 865 1212 952 quin
1236 865 1311 928 Sui·

136 987 192 1053 das
219 1011 259 1052 ex
289 986 412 1052 duobus
445 986 585 1052 hauserit
614 987 768 1064 fontibus,
804 1009 942 1073 quorum
972 1009 1055 1050 nnus
1083 985 1112 1049 ei
1134 984 1309 1072 genuinam
1401 1003 1402 1014 ¹

134 1105 269 1171 formam
303 1105 503 1188 Εὐφορίωνος,
539 1106 620 1173 alter
653 1118 819 1194 corruptas
846 1106 1004 1194 praebuit,
1040 1116 1072 1170 et
1094 1103 1205 1170 Suidas
1227 1102 1312 1170 nihil

141 1224 217 1291 mali
239 1227 430 1313 suspicatus,
455 1251 494 1292 ex
517 1249 582 1292 uno
604 1226 752 1314 Aeschyli
774 1227 838 1292 filio
861 1225 940 1292 duos
962 1225 1128 1292 effinxerit.

181 1347 239 1410 llio
272 1369 337 1410 non
373 1347 512 1412 occurrit
545 1348 704 1412 Demetrio
737 1349 880 1435 Magnete
914 1346 1018 1411 iunior
1048 1343 1200 1411 Caecilius
1229 1341 1312 1405 Bion

137 1463 293 1543 medicus,
326 1487 420 1550 quem
450 1465 569 1530 Plinius
596 1464 724 1530 demum
754 1466 858 1544 novit,
890 1465 1045 1550 cuiusque
1067 1487 1146 1550 opus
1168 1461 1236 1543 περὶ
1257 1460 1311 1526 δν-

137 1583 260 1663 νύμεων
283 1583 402 1650 landat.
429 1583 522 1673 (Ptin.
545 1585 584 1652 N.
608 1587 646 1652 Η.
659 1585 806 1653 XXVllI.
830 1607 857 1652 e.
873 1585 933 1662 53,
956 1585 1071 1649 XXIX.
1093 1585 1147 1650 85.
1167 1593 1198 1647 et
1214 1580 1313 1646 index

135 1702 158 1770 l.
184 1702 254 1791 29).
301 1703 412 1768 Plures
435 1713 541 1768 autem
565 1703 616 1770 vel
637 1705 670 1769 in
693 1703 795 1769 Plinio
818 1711 991 1768 occurrunt
1009 1701 1121 1766 medici
1140 1698 1311 1777 Graeculi,

136 1821 281 1888 libertate
302 1832 335 1887 et
356 1823 467 1888 Latino
489 1822 616 1888 nomine
638 1822 761 1902 donati,
785 1831 822 1887 ut
838 1820 1005 1887 Sallustius
1023 1820 1190 1908 Dionysius
1212 1817 1310 1908 (Plin.

137 1942 267 2011 XXXll.
292 1939 367 2030 80),
391 1943 557 2010 Petronius
578 1941 728 2008 Diodotus
752 1941 847 2032 (Plin.
871 1943 941 2009 XX.
965 1939 1034 2028 31).

702 2188 744 2253 Δ.

602 2429 848 2487 ΔΕΙΝΑΡΧΟΙ.

187 2661 388 2751 Dionysius
400 2660 519 2728 Halio.
539 2659 578 2727 de
588 2662 746 2728 Dinareho
758 2685 785 2729 e.
800 2665 830 2729 1.
842 2662 931 2726 οὶλλδι
942 2662 1117 2742 Δημήτριος
1129 2660 1143 2725 ὁ
1155 2659 1314 2740 Μύγνης,

143 2780 175 2853 ὃς
199 2780 283 2860 ἔδοξε
312 2780 455 2862 χενέσύοιι
477 2783 672 2863 τολιιΐστωρ,
704 2785 735 2846 ἐν
752 2793 790 2866 τῇ
807 2781 874 2862 περὶ
892 2787 951 2846 τῶν
970 2781 1137 2860 ὁμωνύμων
1160 2804 1316 2862 τρωχμοι-

144 2899 236 2984 τεΙρι,
264 2901 365 2980 λέγων
397 2900 449 2966 κω)
476 2901 544 2983 περὶ
570 2902 679 2968 τούτου
701 2907 755 2968 τοῦ
782 2899 908 2982 ούνδρύς,
939 2901 992 2966 κού
1023 2900 1178 2982 ὑπόληψιν
1211 2923 1316 2981 τωριι-

146 3021 253 3100 σχὼν,
281 3021 319 3093 ὡς
343 3020 410 3102 περὶ
442 3023 538 3085 σύτού
564 3021 660 3099 λέξων
692 3045 722 3086 τι
750 3021 898 3103 ἀκριβὲς,
927 3020 1091 3103 διεψεύσθη
1122 3027 1178 3095 τῆς
1213 3018 1314 3096 δόξης.

146 3139 229 3204 οὐδὲν
264 3138 295 3204 δὲ
326 3137 437 3203 κωλύει
470 3138 522 3204 κιιὶ
555 3139 614 3212 τοὶς
650 3139 751 3218 λέξεις
774 3139 966 3221 τοιροιύέσύοιι
998 3143 1052 3204 τοῦ
1088 3138 1205 3220 ύνδρύς.
1248 3138 1315 3203 ἔστι

148 3258 179 3323 δὲ
203 3258 246 3323 τοὶ
270 3259 322 3324 ὑπ’
346 3260 442 3324 οιύτοῡ
466 3259 633 3342 χροιφέντοι
656 3258 747 3325 τύδε·

192 3427 211 3459 ,,
224 3377 407 3460 Δεινάρχοις
424 3380 450 3444 δ’
461 3379 649 3460 ἐνετύχομεν
664 3379 841 3462 τέτταρσιν·
867 3377 905 3445 ὧν
922 3381 1005 3445 ἐστιν
1024 3381 1106 3460 ὁμὲν
1119 3381 1221 3445 ἐκτῶν
1232 3374 1319 3460 ῥητύ-

149 3546 168 3578 ,‚
181 3519 236 3576 ρων
264 3501 323 3562 τῶν
354 3501 517 3563 Ἀττικῶν·
542 3497 555 3561 ὃ
583 3498 614 3563 δὲ
638 3498 697 3572 τιδς
722 3500 790 3581 περὶ
816 3501 935 3580 Κρήτην
961 3500 1166 3580 σιινοιγηοχὼς
1188 3498 1321 3577 μνύολο-

152 3614 272 3697 ,,γιόις.
319 3615 333 3679 ύ
364 3617 396 3682 δὲ
429 3617 637 3699 πρεσβύτερος
665 3619 722 3698 μὲν
752 3621 874 3700 ἀμφοῖν
905 3618 1041 3692 τούτοιν,
1083 3618 1197 3692 Δύλιος
1227 3617 1259 3681 δὲ
1283 3615 1319 3680 τδ

152 3735 292 3817 ,,ηένος,
318 3737 644 3817 τετροιημοιτενμένος
671 3742 761 3803 τοῦτο
790 3737 847 3817 μὲν
872 3736 965 3811 ἔντος,
993 3742 1083 3802 τούτο
1112 3736 1143 3800 δὲ
1169 3737 1322 3817 τρᾶχμοι.

150 3854 330 3937 ‚stimme
352 3856 383 3921 δὲ
412 3855 426 3920 o‘
451 3855 518 3938 περὶ
549 3857 685 3938 Όμηρον
716 3855 809 3936 λύγον
834 3856 1041 3928 συντεθεικώς.
1067 3855 1158 3920 ε’ύὲλω
1186 3854 1217 3919 δὲ
1247 3853 1321 3936 τρδς

152 4023 170 4055 ,,
183 3973 273 4055 μέρος
300 3974 367 4056 τερδ
396 3975 529 4040 ἑκύστον
554 3976 699 4050 διελθεῖν,
725 3975 778 4041 κού
801 3981 916 4056 πρῶτον
934 3974 1002 4055 περὶ
1024 3979 1077 4039 τού
1093 3975 1224 4055 ῥήτορος.
1255 3969 1321 4036 ἔστι

154 4143 172 4176 ,,
185 4092 284 4158 τοίνυν
319 4087 405 4167 οὗτος
438 4091 524 4158 κοιτύ
546 4118 586 4173 γε
617 4094 673 4168 την
707 4094 784 4173 ἐμην
810 4093 919 4173 δύξοιν,
955 4095 1037 4160 οὐδὲν
1063 4091 1243 4159 ύτολεύσων
1266 4097 1321 4166 τῆς

151 4260 171 4293 ,,
183 4211 359 4292 Ὕτερεύδον
381 4210 530 4292 χούριτος,
555 4209 627 4276 ὥστ’
643 4214 764 4292 εἰπεῖν,
791 4213 846 4277 κοιί
864 4213 898 4279 νύ
917 4237 969 4278 κεν
985 4212 1001 4289 ἢ
1020 4211 1208 4293 σωρέλοισσ’.
1242 4209 1323 4274 ἕνύύ-

151 4377 170 4409 ,,
183 4353 278 4408 μημοι
298 4329 361 4411 γὰρ
386 4329 473 4414 φέρει
502 4331 682 4408 τειστικύν,
709 4331 763 4398 aa}
790 4340 907 4414 σχῆμοι
927 4330 1139 4400 τοιντοδοιτύν·
1159 4327 1323 4404 σιύοινύτη-
