2822 4540
722 257 763 320 14

152 483 330 550 meminerit
368 492 398 548 et
439 484 516 571 quin
547 505 629 550 vana
659 484 833 570 suspicione
868 481 1015 550 inductus
1044 483 1139 552 fuerit
1175 486 1326 552 Wester-

152 627 301 683 mannus,
326 625 389 690 qua
407 615 545 670 veterem
568 626 709 670 errorem
731 614 893 690 utcunque
912 603 1093 670 defenderet
1114 612 1146 670 et
1167 613 1325 673 tueretur.

151 727 197 791 Ne
220 725 252 790 in
275 724 385 790 ceteris
415 722 541 812 quidem
567 725 596 789 ei
618 724 798 811 prosperius
828 747 878 789 ree
904 723 1010 802 cessit,
1035 724 1090 811 qui
1113 723 1240 809 quidem
1263 748 1326 813 pro

151 868 187 910 re
209 855 284 910 nata
307 842 401 910 modo
424 845 617 910 Demetrium
641 845 745 910 virum
775 843 861 911 haud
891 843 1113 910 contemnendi
1138 844 1244 912 iudicii
1267 868 1325 912 vo-

152 975 254 1045 caret,
280 963 374 1032 modo
396 964 543 1030 obtusum
568 964 731 1052 ingenium
754 964 802 1032 illi
831 963 1023 1032 obtruderet.
1051 963 1127 1054 (Qu.
1151 965 1240 1034 Deua.
1264 970 1324 1038 Ill.

154 1087 228 1151 118.
252 1087 307 1154 IV.
331 1083 401 1173 41).

196 1202 286 1270 Unde
308 1215 413 1270 autem
433 1204 573 1286 factum,
594 1218 630 1270 ut
652 1228 750 1291 quum
774 1205 920 1272 vidissent
942 1206 1142 1274 scribendum
1165 1231 1231 1273 esse
1254 1209 1324 1290 περὶ

152 1324 318 1403 ὁμωνύμων
338 1349 373 1390 νο.
397 1349 427 1390 τ.
458 1349 487 1390 κ.
516 1349 546 1393 ο.
571 1327 754 1392 etiamnunc
776 1327 838 1392 sint
856 1326 910 1412 qui
930 1326 991 1392 rati
1007 1327 1201 1392 Demetrium
1220 1351 1325 1414 pecu·

154 1443 264 1510 liorem
289 1443 405 1510 librum
418 1443 457 1509 de
476 1443 607 1510 urbibus
630 1445 737 1510 fecisse
760 1444 854 1511 istum
877 1444 995 1512 librum
1018 1444 1110 1511 titulo
1133 1447 1200 1528 περὶ
1228 1471 1326 1512 συνο-

152 1563 254 1642 νύμον
283 1562 401 1629 πόλεων
424 1563 600 1630 donarent?
646 1565 802 1630 Nimirum
826 1563 970 1631 codicum
993 1566 1123 1655 vestigia
1145 1576 1325 1652 prementes

152 1682 268 1748 scribas
310 1707 341 1748 se
377 1682 532 1748 ludificari
564 1683 645 1769 passi
681 1693 764 1751 sunt.
811 1683 872 1750 Ubi
905 1685 1083 1752 Demetrius
1111 1685 1262 1752 laudatur
1292 1689 1324 1752 ἐν

152 1812 216 1876 τοῖς
239 1803 306 1885 περὶ
329 1809 388 1869 τῶν
407 1802 599 1883 Ὁμωνύμων
615 1813 674 1871 cet.
696 1803 835 1890 genuina
854 1805 1010 1891 scriptura
1028 1804 1217 1892 plerumque
1236 1807 1325 1873 salva

152 1925 266 2003 evasit,
292 1933 402 1990 contre
425 1925 472 1988 ira
496 1924 635 1989 Deorum
657 1924 760 1990 effecit
782 1925 872 1990 utin
899 1924 994 1990 unico
1016 1924 1102 2005 loco,
1126 1926 1158 1992 in
1182 1949 1246 2012 quo
1268 1949 1325 2014 pe·

153 2045 280 2112 culiaris
303 2043 382 2109 liber
401 2043 440 2109 de
474 2044 604 2110 urbibus
632 2043 756 2110 videtur
779 2044 918 2123 laudari,
941 2045 1103 2132 legeretur
1124 2055 1211 2124 Δνμ.
1233 2047 1247 2110 ο“
1273 2055 1321 2112 M.

153 2167 184 2230 ἐν
203 2172 275 2236 ταῖς
296 2163 488 2243 Συνωνύμοις
507 2163 629 2230 πόλεσι.
665 2165 746 2230 Huic
758 2166 1012 2252 Harpocrationis
1029 2165 1099 2232 loco
1120 2165 1163 2256 (v.
1175 2167 1318 2256 Μεθώνη)

153 2283 232 2350 adde
249 2283 456 2349 Plutarchum
475 2307 495 2349 a
513 2283 696 2350 Casauhono
715 2296 910 2363 correctum,
935 2285 1014 2352 adde
1032 2285 1227 2373 Stephanum
1243 2288 1320 2374 Byz.

153 2426 183 2470 v.
207 2403 374 2486 Ἀλαβών,
406 2403 460 2468 ubi
482 2405 520 2476 ὡς
543 2404 718 2486 Δημήτριος
744 2406 775 2469 ἐν
799 2404 992 2485 Συνωνύμοις
1014 2405 1040 2495 ¹)
1067 2417 1099 2472 et
1121 2429 1229 2472 omnes
1250 2406 1322 2472 illos
1400 2425 1401 2466 l

152 2523 303 2588 infaustos
333 2523 417 2589 locos
445 2523 581 2591 habebis.
628 2525 694 2590 Iam
725 2525 750 2592 si
780 2548 917 2591 numero
943 2524 1086 2592 locorum
1110 2525 1319 2614 pugnandum

153 2651 244 2720 esset,
276 2640 327 2706 vel
349 2643 393 2707 sio
421 2643 600 2708 victricibus
626 2644 721 2708 armis
747 2643 989 2713 decertaremus.
1036 2644 1077 2710 At
1097 2668 1163 2710 non
1186 2668 1320 2712 numero

152 2760 230 2827 haec
248 2760 443 2840 iudicantur,
467 2761 521 2828 sed
543 2761 691 2848 pondere.
738 2763 881 2832 Vidimus
899 2764 1045 2852 Baylium
1066 2764 1224 2830 affirmare
1241 2765 1321 2832 nihil

151 2881 298 2946 interesse
332 2891 405 2946 utra
438 2881 541 2948 forma
569 2883 620 2948 hic
653 2883 818 2963 scribatur,
859 2894 890 2950 et
916 2887 960 2950 ait
983 2885 1065 2952 solos
1087 2885 1264 2952 dialectieos
1290 2896 1320 2952 et

152 3000 271 3088 logicos
296 2999 461 3066 discrimen
487 3001 547 3067 hoc
566 3001 754 3069 observasse.
778 3005 817 3068 Et
836 3004 1003 3070 observant
1020 3004 1055 3071 id'
1075 3005 1170 3094 logici
1188 3006 1318 3085 Graeci,

152 3145 217 3188 non
251 3143 327 3188 vero
355 3122 428 3207 quia
456 3122 583 3208 propria
606 3123 743 3208 quadam
774 3117 885 3213 lingua
916 3135 1068 3205 utuntur,
1100 3148 1212 3192 verum
1236 3125 1319 3210 quod

152 3263 260 3306 omnes
284 3241 338 3308 ubi
360 3241 536 3330 significant
558 3265 659 3320 unum
681 3244 827 3330 idemque
852 3267 971 3311 nomen
989 3244 1133 3332 pluribus
1151 3267 1320 3312 commune

151 3383 235 3439 esse,
266 3360 344 3428 haeo
366 3361 516 3439 ὁμώνυμα
539 3363 709 3440 vocabant,
734 3387 772 3428 ex
784 3365 905 3430 ratione
925 3364 1053 3452 linguae
1075 3387 1139 3451 qua
1161 3365 1193 3430 in
1216 3365 1320 3450 priore

154 3478 300 3544 vocabuli
323 3491 412 3567 parte
435 3480 490 3547 illa
523 3482 589 3568 ipsa
623 3484 804 3550 communio
834 3494 865 3549 et
899 3483 1066 3550 concordia
1097 3485 1197 3562 inest,
1228 3481 1318 3550 utin

151 3599 261 3665 ceteris
284 3599 429 3666 omnibus
457 3600 682 3668 eiusdemmodi
709 3603 898 3688 compositis3
932 3626 972 3668 ex
999 3602 1059 3668 hac
1081 3625 1195 3668 norma
1218 3601 1318 3668 diale-

184 3829 204 3898 ¹)
222 3833 365 3898 Stephanus
388 3833 453 3898 Byz.
477 3849 501 3882 v.
526 3833 651 3884 Ἀλθαία
675 3832 783 3899 scripsit:
811 3832 924 3901 εὕρομεν
952 3831 981 3884 δὲ
1010 3835 1038 3884 ἓν
1063 3840 1124 3890 ταῖς
1152 3845 1320 3902 συγγραφαῖς

149 3916 306 3988 Δημητρίου
324 3918 472 3970 'Aloustou
507 3921 652 3971 Meinekius
669 3930 836 3985 συγγραφαῖς
853 3919 961 3986 explicat
977 3935 1022 3985 per
1040 3919 1205 3982 συνωνύμως.
1249 3919 1319 3970 Licet

148 4002 243 4068 liquido
263 4011 387 4056 constaret
408 4005 450 4054 hio
466 4004 624 4055 Demetrium
640 4006 786 4069 Magnetem
809 4005 906 4056 laudari
923 4014 1007 4057 tamen
1025 4006 1168 4070 Sthepanua
1185 4006 1249 4070 Βγο.
1267 4020 1317 4055 non

148 4090 273 4152 putandus
291 4097 327 4140 est
344 4091 376 4142 do
393 4091 505 4155 pluribus
523 4091 646 4142 Demetrii
662 4093 777 4156 operibus
794 4091 877 4158 loqui;
897 4092 1013 4143 videlicet
1031 4093 1057 4142 in
1074 4092 1149 4142 titulo
1165 4083 1319 4152 Ὁμώνυμοι

148 4170 252 4236 pluralis
272 4189 392 4224 numerus
414 4175 479 4224 inest
486 4196 492 4234 i
516 4174 607 4224 idcirco
627 4175 720 4226 dixerit
739 4177 766 4227 ἐν
782 4186 845 4234 ταῖς
869 4185 1049 4245 υυγγραφαῖς;
1066 4177 1135 4228 haud
1153 4177 1225 4227 aliter
1239 4175 1317 4226 Athe-

149 4271 227 4308 naeus
243 4258 293 4310 VI.
310 4274 335 4324 p.
355 4263 420 4320 264,
437 4260 469 4309 de
488 4275 538 4310 uno
553 4273 628 4324 opere
644 4261 754 4323 locutus,
778 4263 887 4328 scripsit:
907 4262 1135 4333 efflatoapotvped'
1151 4265 1179 4316 ἓν
1197 4261 1316 4329 δευτέρῳ

149 4341 327 4394 Θετταλικῶν
344 4343 382 4411 (οἱ
398 4347 494 4411 γνήσια
514 4345 552 4395 τὰ
569 4344 856 4414 συγγράμματα).”
945 4413 948 4418 ¹
