2848 4546
696 271 735 335 66

140 499 254 590 (Paulii
277 497 365 564 Thes.
389 499 430 563 ΙΙ.
457 493 534 582 969)
560 495 653 562 affert
674 503 705 558 et
726 493 836 559 lustin.
860 495 947 558 Xlll.
974 492 1004 558 5.
1019 492 1141 558 -cfer
1155 490 1314 582 (Luciaui)

137 624 264 688 Encom.
289 621 377 684 Dem.
402 619 416 701 §
441 621 494 682 31.

185 743 217 806 4.
241 743 298 808 Ps.
322 737 531 806 Plutarch.
556 759 587 825 p.
612 739 688 804 846.
712 737 849 809 ἐλθόντος
870 737 896 802 δ’
917 737 968 801 ἐπ’
990 737 1084 802 αὐτόν
1108 735 1236 817 Ἀρχίου
1256 742 1312 802 τοῦ

141 862 355 942 Φυγαδοθήρου
377 859 638 938 ἐπικαλουμένου,
663 857 694 931 ὃς
714 857 897 939 παρέβαλεν
919 855 1115 935 Ἀναξιμένει
1133 859 1175 937 τῷ
1195 856 1313 938 ῥήτορι,

142 980 295 1052 πείθόντος
325 980 418 1044 αὐτόν
454 980 646 1052 οίναστήναι,
679 980 717 1049 ὡς
747 976 839 1059 Φίλων
863 974 1060 1057 Ἀντιποίτρῳ
1089 975 1313 1054 γενησόμενον,

143 1097 228 1166 εἶπεν
251 1097 309 1164 ότι·
334 1100 404 1165 οὔτε
426 1095 478 1165 ότε
504 1098 688 1180 ἐτραγῴδεις
711 1095 827 1169 ἔπειθές
852 1121 894 1175 με
919 1096 989 1162 οὔτε
1014 1102 1065 1161 νῦν
1091 1095 1208 1168 πείσεις
1232 1121 1317 1174 συμ-

142 1219 312 1298 βουλεύων·
343 1224 398 1282 τοῦ
427 1217 453 1282 δ’
478 1219 706 1297 ἐπιχειροῦντος
727 1213 893 1297 βιόζεσθαι
918 1216 1077 1280 έκιίλυσοιν
1100 1216 1126 1280 οἱ
1149 1215 1236 1280 κατόι
1259 1217 1317 1289 τήν

142 1340 232 1406 πόλιν
256 1339 309 1404 καί
334 1337 530 1416 Δημοσθένης
554 1334 628 1418 ἔφη·
654 1337 701 1399 Οὐ
726 1334 877 1415 σωτηρίας
902 1334 1042 1412 δεόμενος
1067 1335 1250 1417 κατέφυγον
1272 1337 1317 1406 εἷς
1410 1325 1411 1332 ¹

144 1458 333 1538 Καλαβρίαν
366 1457 399 1546 (l.
424 1455 623 1536 Καλαύρειαν
647 1453 686 1520 ef.
712 1455 824 1519 Strabo
848 1477 878 1540 p.
903 1453 981 1542 374)
1012 1456 1091 1520 ἀλλ’
1113 1457 1151 1527 ὡς
1178 1454 1317 1534 ἐλέγξων

143 1577 329 1648 Μακεδόνας
360 1577 412 1642 καί
445 1575 531 1640 κατόι
559 1581 619 1640 τῶν
647 1577 718 1639 θεῶν
742 1575 971 1653 βιασαμένους,
997 1576 1129 1650 αίτήσας
1151 1600 1186 1640 τε
1210 1599 1318 1655 γραμ-

142 1705 292 1776 ματεῖον,
317 1696 473 1776 ἔγραφεν,
499 1698 537 1768 ὡς
560 1696 618 1774 μέν
634 1695 844 1774 ’Δήμήτριοςό
869 1694 1005 1772 Μοίγνής
1022 1696 1113 1775 Φήσί,
1132 1695 1168 1760 τό
1192 1694 1243 1758 έπί
1259 1702 1317 1768 τής
1411 1697 1412 1744 ι

143 1815 253 1888 εἰκόνος
278 1816 373 1880 αὑτοῦ
395 1816 534 1892 ἐλεγεῖον
554 1813 831 1894 ἐπιγεγραμμένον
848 1815 905 1878 ὑπὸ
919 1819 978 1878 τῶν
994 1813 1162 1888 Ἀθηναίων
1179 1811 1316 1896 ὕστερον·

299 1933 397 2016 Εἴπερ
420 1934 488 2010 ίσήν
512 1933 612 2016 ῥώμην
635 1935 759 2026 γνώμή,
785 1931 998 2012 Δημόσθενες,
1024 1932 1138 2014 ἔσχες,

302 2054 352 2119 ot
374 2058 444 2120 ποτ’
468 2054 506 2120 όιν
529 2055 686 2130 Ἑλλήνων
710 2048 799 2134 ἦρξεν
817 2053 915 2133 ’Ἀρής
939 2053 1103 2117 Μακεδών.

148 2182 250 2239 κεῖται
275 2175 301 2239 δ’
323 2174 409 2238 είκων
435 2173 469 2263 (l.
495 2175 522 2248 δ’
545 2176 562 2249 ή
587 2172 686 2262 είκόιν)
712 2171 842 2248 πλησίον
868 2177 922 2236 τοῦ
946 2172 1240 2253 περισχοινίσματος
1264 2176 1318 2240 καί

143 2299 197 2358 τοῦ
228 2294 336 2372 βωμοῦ
367 2299 426 2356 τῶν
459 2292 575 2358 δώδεκα
601 2294 671 2358 θεῶν
695 2292 753 2356 ὑπὸ
777 2290 973 2356 Πολυεύκτου
997 2292 1199 2370 πεποιημένη.
1228 2294 1266 2366 ὡς
1292 2296 1318 2359 δ’

146 2412 216 2480 ἔνιοί
245 2417 328 2494 φασι
365 2417 456 2477 τοῦτο
487 2411 589 2492 εὑρέθη
621 2410 856 2492 γεγραμμένον·
894 2410 1091 2489 Δημοσθένης
1121 2411 1319 2494 Ἀντιποίτρῳ

146 2530 278 2613 χαίρειν.
292 2569 335 2583 —-
350 2531 391 2600 cf.
411 2530 539 2598 Photius
558 2530 626 2598 eod.
648 2532 712 2595 265
733 2555 763 2617 p.
791 2531 857 2595 494
875 2532 909 2596 Β.
930 2543 961 2596 et
980 2529 1047 2596 cod.
1065 2531 1129 2595 266
1147 2555 1177 2617 p.
1195 2533 1260 2596 495
1273 2533 1317 2598 in.
1413 2523 1414 2542 ¹

190 2652 239 2717 Ps.
275 2651 463 2718 Plutarchus
503 2652 638 2716 maxime
672 2652 704 2717 in
741 2652 852 2716 ceteris
885 2663 1011 2716 secutus
1044 2662 1089 2716 est
1123 2654 1319 2722 Demetrium

145 2771 341 2858 Magnetem,
374 2770 463 2836 cuius
493 2792 619 2856 quoque
649 2771 780 2858 vestigia
810 2771 924 2855 premit
953 2769 1075 2849 dicens,
1107 2771 1255 2853 Ἀρχίου,
1285 2771 1318 2846 ός

148 2889 332 2969 παρέβαλεν
352 2888 549 2967 Ἀναξιμένει
572 2891 615 2970 τῷ
640 2891 757 2972 ῥήτορι,
782 2900 817 2953 ut
840 2901 970 2975 apparet
988 2915 1027 2956 ex
1047 2893 1113 2978 ipso
1131 2893 1317 2973 Plutarcho,

148 3010 203 3096 qui
233 3031 350 3074 novum
380 3008 560 3094 exemplum
591 3009 720 3095 praebet
743 3010 936 3075 Demetrium
961 3011 1000 3076 ab
1024 3015 1195 3101 Hermippo
1217 3013 1318 3080 inter-

148 3129 223 3196 dum
248 3128 436 3194 dissensisse:

195 3250 226 3316 5.
251 3245 461 3313 Plutarch.
485 3248 573 3312 Dem.
594 3271 621 3313 e.
642 3249 696 3314 28.
716 3248 845 3314 ’Ἀλλων
867 3250 893 3313 δ’
911 3251 1062 3330 οίλλαχοῦ
1084 3250 1117 3340 (l.
1133 3252 1321 3340 ἀλλαχόσε)

151 3367 381 3448 διασπαρέντων
412 3367 426 3432 ό
455 3366 661 3449 Ἀντίπατρος
691 3368 886 3449 περιέπεμπε
914 3371 984 3441 τοὺς
1010 3370 1318 3449 συλλαμβοίνοντας,

151 3484 189 3552 ὧν
221 3488 346 3566 ἡγεμὼν
380 3480 413 3559 ήν
443 3487 577 3568 Ἀρχίας
609 3488 621 3551 ό
654 3488 828 3563 ἐπικληθείς
859 3490 1090 3571 Φυγαδοθήρας.
1141 3495 1259 3554 Τοῦτον
1289 3492 1321 3555 δὲ

153 3607 276 3688 Θούριον
307 3607 382 3672 όντα
410 3609 452 3688 τῷ
483 3608 566 3686 γένει
591 3607 684 3687 λόγος
711 3607 779 3688 ἔχει
801 3609 978 3690 τραγῳδίας
1004 3608 1217 3691 ὑποκρίνεσθαί
1244 3632 1321 3674 ποτε

151 3727 203 3792 καί
238 3728 290 3793 τόν
320 3727 490 3805 Αίγινήτνν
519 3733 644 3801 Πῶλον,
670 3728 722 3793 τόν
747 3728 970 3810 ὑπερβαλόντα
995 3740 1033 3812 τή
1056 3731 1154 3812 τόχνή
1176 3728 1320 3802 ποίντας,

151 3847 266 3914 ἐκείνου
288 3847 451 3926 γεγονέναι
474 3847 616 3925 μαθητήν
639 3848 819 3929 ἱστοροῦσιν.
853 3848 1033 3930 Ἕρμιππος
1056 3849 1086 3916 δὲ
1108 3851 1161 3916 τόν
1186 3849 1322 3931 Ἀρχίαν

152 3970 182 4032 ἐν
204 3977 268 4041 τοῖς
294 3967 452 4048 Λακρίτου
476 3972 529 4031 τοῦ
555 3967 672 4048 ῥήτορος
699 3970 841 4047 μαθητήν
866 3965 1066 4053 όναγροίφει,
1090 3971 1265 4049 Δημήτριος
1290 3967 1322 4032 δὲ

148 4094 204 4160 τῆς
228 4086 447 4166 Ἀναξιμένους
472 4086 634 4167 διατριβῆς
661 4090 896 4169 μετεσχηκέναι
919 4090 1015 4172 φησίν
1040 4088 1144 4154 αὐτόν.

193 4205 346 4272 Mulierus
374 4207 408 4271 F.
430 4207 468 4271 H.
493 4205 550 4273 Gr.
576 4207 694 4275 11368
725 4208 811 4273 hunc
841 4209 1003 4276 Plutarchi
1025 4208 1132 4275 locum
1155 4208 1239 4274 inter
1260 4210 1322 4275 De·

148 4326 251 4390 metrii
270 4325 413 4392 Phalerei
434 4324 612 4414 fragmenta
631 4328 751 4414 posuit,
776 4327 859 4394 idem
884 4328 951 4417 (IV.
965 4329 1043 4419 382)
1066 4327 1200 4396 eundem
1214 4326 1321 4394 locum
