2822 4540
640 272 680 335 27

71 492 170 558 nimis
200 493 233 557 in
264 491 399 558 dicendo
427 493 570 558 libertate
601 493 641 560 ed
671 494 855 580 Pompeium
886 517 960 560 usus
994 505 1025 560 et
1049 496 1089 562 eb
1115 495 1175 564 hoc
1209 499 1241 564 in
1277 574 1285 589 .

70 610 218 678 exsilium
248 611 376 692 missus,
403 612 449 706 sd¹
467 624 600 679 mortem
625 637 724 701 usqne
746 614 848 700 patrie
870 615 1006 680 caruisse
1029 614 1162 683 videtur.
1187 617 1240 707 (cl.

67 730 193 800 Strabo.
218 731 240 796 l.
259 729 296 821 l.)
320 731 416 797 Exsul
438 732 595 818 scripserit
617 744 653 798 ut
675 732 768 800 multi
789 732 842 798 alii
863 730 982 812 fecere,
1006 733 1101 821 idque
1120 735 1158 801 de
1177 738 1241 804 suis

68 851 280 936 temporibus3
306 851 346 916 ad
368 853 518 918 Demetrii
532 852 628 918 verba
650 853 808 926 πολιτικὸς
824 854 1032 934 συγγραφεὺς
1055 853 1240 922 illustranda

68 965 198 1059 egregie
228 971 303 1036 facit
331 971 481 1059 Polybius
510 975 602 1052 XVI,
640 974 693 1037 14.
722 973 742 1038 3
773 971 812 1038 de
841 973 967 1038 Zenone
998 984 1030 1038 et
1057 973 1241 1042 Antisthene

67 1089 198 1156 Rhodiis
220 1090 390 1177 disputans.

111 1211 260 1275 Ceterum
285 1210 466 1297 quicunque
489 1210 545 1276 has
567 1232 586 1276 a
609 1211 748 1298 Diogene
770 1211 895 1276 Laertio
916 1221 1054 1292 servatas
1072 1211 1239 1291 ὁμωνύμων
1262 1191 1269 1206 ’

66 1331 162 1396 series
192 1339 229 1394 ut
258 1330 408 1394 Demetrii
429 1330 580 1418 Magnetis
603 1329 751 1415 reliquias
773 1330 898 1416 accipit,
924 1353 996 1396 eum
1019 1353 1084 1396 non
1101 1352 1120 1395 a
1138 1331 1239 1396 Simo-
1269 1311 1273 1318 ’

66 1448 140 1515 nide
163 1447 265 1535 decipi
286 1460 343 1514 aut
371 1449 488 1516 nubem
521 1472 580 1536 pro
613 1452 736 1518 lunone
770 1448 930 1536 amplecti,
966 1449 1016 1516 vel
1049 1449 1239 1516 Aeschinum

66 1571 164 1635 series
187 1568 379 1636 documento
400 1591 466 1636 esse
487 1579 601 1655 potest,
632 1570 749 1656 quippe
778 1570 811 1634 in
842 1591 906 1655 qua
926 1591 990 1634 non
1014 1581 1061 1634 est
1084 1570 1240 1635 Demetrio

66 1689 173 1756 iunior
207 1688 375 1756 Aeschines
408 1687 604 1756 Atheniensis
638 1689 792 1768 medicus,
828 1711 924 1775 quem
958 1688 1078 1754 Plinius
1110 1688 1238 1756 demum

65 1809 155 1875 novit
177 1819 350 1893 testemque
373 1806 481 1874 laudet
503 1807 584 1876 libro
609 1810 642 1874 1⁰
664 1809 865 1876 Natur.Hist.
890 1809 921 1872 in
945 1807 1047 1874 indice
1072 1819 1237 1874 auctorum

67 1929 141 1996 libri
165 1932 218 1996 28ἰ
240 1942 272 1994 et
294 1929 327 1994 in
349 1929 417 2016 ipso
439 1929 521 1996 libro
545 1930 602 1994 28⁰
625 1952 656 2016 p.
680 1928 742 1994 361
769 1928 837 2014 Bip.

579 2113 723 2174 AKTAL

110 2258 301 2346 Stephan.
325 2261 429 2346 Byz.:
462 2261 592 2333 Ἀκτι1,
618 2258 793 2339 Δημήτριος
820 2257 851 2322 δὲ
877 2263 933 2331 τῆς
957 2262 1153 2334 οςμαιτικῆς
1182 2263 1235 2324 τοῦ

65 2382 217 2460 αἰγιαλοῦ
241 2380 293 2445 καὶ
317 2387 374 2454 τῆς
398 2379 464 2460 περὶ
490 2379 541 2444 τὸν
560 2379 645 2444 ”Ale
669 2379 774 2459 χώρας
799 2377 889 2456 μόνοι
912 2375 1148 2456 ἐμνημόνευσεν.

109 2501 280 2566 Meinekius
302 2499 431 2566 adnotat
453 2498 492 2564 ed
516 2500 708 2579 Δημήτριοςε
738 2497 859 2580 „credo
881 2497 914 2562 in
939 2495 1020 2561 libro
1048 2495 1094 2561 de
1117 2518 1188 2582 syn
1198 2519 1236 2561 o-

63 2620 228 2709 nymis''.
275 2623 377 2686 lmmo
400 2619 438 2686 de
461 2619 715 2706 hononymis.

109 2742 158 2806 Ex
175 2741 349 2808 innumeris
367 2740 460 2806 Maris
478 2740 598 2806 Interni
616 2739 734 2811 οὶκταῑς
755 2737 834 2803 aliae
852 2735 1001 2816 οὲιιόιοαοι
1024 2745 1132 2814 erant,
1157 2734 1236 2800 aliae

64 2882 242 2950 cognomen
272 2860 445 2941 habebant;
480 2867 602 2934 Λευκῆς
627 2860 726 2932 aluric
757 2857 934 2924 Demetrius
965 2855 1151 2921 meminerat
1178 2855 1236 2921 sub

63 2981 215 3046 lemmate
238 2979 369 3046 Λεοκαί.

110 3098 196 3182 Quid
218 3098 395 3188 significent
416 3107 472 3174 τῆς
497 3105 691 3177 σημαντικοῖς
714 3099 768 3160 τοῦ
799 3096 948 3173 αἰγιαλοῦ
972 3104 1027 3158 aut
1051 3093 1126 3180 quid
1149 3093 1237 3158 iniis

63 3218 178 3298 lateat,
212 3241 262 3285 me
293 3218 395 3284 adhuc
425 3217 516 3297 latet3
550 3240 614 3282 non
639 3215 762 3280 videtur
784 3211 956 3302 legendum
979 3218 1033 3277 τοῦ
1054 3212 1233 3290 Αἰγιαλοῦ,

62 3361 169 3426 posses
188 3339 337 3424 suspicari
356 3346 412 3412 τῆς
432 3336 588 3414 Σηπιάδος
612 3335 844 3424 (chAAoc
860 3355 919 3419 pro
938 3329 1159 3418 AIFIAAOT)
1181 3345 1237 3395 aut

63 3459 120 3534 chr
146 3458 338 3539 Ἀργολίδος.

109 3580 274 3661 Quantum
293 3576 440 3642 different
453 3578 535 3653 οὲκτή
549 3587 579 3642 et
592 3575 739 3656 αἰγιαλός
760 3573 831 3639 vide
845 3571 930 3659 apud
942 3573 1076 3639 Pausan.
1091 3573 1121 3636 2.
1135 3570 1188 3636 34.
1204 3572 1234 3636 9.

64 3697 169 3766 Schol.
194 3697 289 3784 Soph.
313 3697 361 3764 Ai.
385 3699 451 3764 414
478 3696 608 3786 (Anecd.
632 3695 730 3763 Bekh.
754 3718 785 3782 p.
812 3693 923 3782 1313).
954 3691 1033 3758 adde
1056 3689 1235 3757 Helladium

62 3818 96 3883 in
119 3817 222 3884 Photii
243 3817 324 3886 Bibl.
347 3841 378 3904 p.
400 3818 465 3884 534
484 3841 514 3885 n.
538 3826 570 3884 et
591 3815 629 3884 de
651 3815 751 3893 Actis,
776 3812 860 3902 apud
879 3810 1084 3890 Herodotum,
1109 3809 1233 3898 Forbig.

63 3935 186 4005 Handb.
210 3938 235 4005 Ι.
262 3938 315 4003 80.

524 4063 779 4122 ΑΛΛΒΩΝΕΣ.
853 4089 859 4095 ·

108 4206 300 4296 Stephan.
323 4208 426 4296 hys:
452 4207 650 4287 Ἀλαβών,
676 4204 766 4280 πόλις
797 4200 974 4292 [Σικελίας]
999 4201 1050 4268 καὶ
1075 4197 1235 4279 ποταμός,

64 4330 103 4402 ὡς
126 4327 303 4410 Δημήτριος
329 4332 360 4396 ἐν
379 4327 587 4408 Ὁμωνύμοις.
