2848 4546
757 301 796 364 18

191 527 289 604 tibus,
314 525 427 611 quibus
449 525 547 612 igitur
569 523 722 610 superbus
741 522 919 587 Heraclides
931 519 1188 586 annumerandus
1204 517 1280 599 erit,
1307 501 1364 586 in-

191 645 338 711 terfectus
368 645 401 709 a⁰
424 646 500 710 353.
529 643 568 709 cl.
592 642 680 710 Diod.
705 644 765 710 Sic.
789 644 874 711 XVI.
900 643 952 709 53.
1001 641 1176 705 Demetrius
1199 662 1256 704 sua
1280 641 1363 705 hau-

190 767 253 830 rire
284 766 385 851 potuit
414 788 454 829 ex
482 763 683 850 Theopompo
713 763 790 828 Chio
823 762 947 846 (Athen.
971 786 1002 848 p.
1028 761 1083 850 85)
1116 772 1171 826 aut
1193 783 1233 827 ex
1255 763 1364 848 Nym-

190 884 300 972 phide‚
325 882 508 949 Heraclidae
530 884 606 950 cive.
653 882 861 970 Nymphidem
885 882 941 947 diu
964 893 1032 968 post
1054 895 1178 946 secutus
1196 891 1244 945 est
1258 881 1365 946 Hem-

191 1029 272 1083 non,
297 1005 367 1091 qui,
392 1006 435 1070 ait
456 1003 607 1070 lllullerus
633 1005 665 1070 F.
690 1007 728 1069 H.
754 1004 809 1070 Gr.
835 1003 891 1069 111.
917 1003 996 1080 525,
1025 1001 1075 1086 (de
1093 999 1271 1087 Nymphide
1292 999 1365 1064 vide

191 1124 306 1190 ibidem
332 1147 363 1210 p.
400 1127 436 1190 ta
467 1124 565 1212 seqq.)
599 1124 702 1209 primo
732 1122 780 1187 vel
812 1123 939 1187 ineunte
969 1120 1106 1186 secundo
1136 1120 1263 1186 saeculo
1293 1131 1366 1207 post

191 1243 264 1312 Chr.
295 1267 327 1310 n.
359 1244 489 1321 vixerit,
525 1254 556 1308 et
585 1245 674 1309 cuius
703 1243 845 1328 anrplum
877 1264 955 1328 opus
986 1241 1024 1305 de
1055 1239 1208 1306 Heraclea
1230 1241 1364 1305 Pontica

192 1365 253 1429 iam
281 1387 345 1429 non
368 1365 528 1451 integrum
551 1362 685 1428 habebat
708 1362 835 1428 Photius
857 1360 1049 1427 Patriaroha.
1095 1363 1142 1426 Ex
1165 1381 1230 1425 uno
1253 1370 1362 1426 autem

192 1484 350 1548 Demetrio
383 1483 528 1547 novimus
565 1481 762 1548 Heraclidam
797 1481 879 1546 inter
908 1482 1087 1546 coniuratos
1123 1479 1216 1544 fuisse
1250 1480 1364 1548 videri.

193 1604 237 1667 De
260 1625 295 1667 re
318 1602 357 1668 cf.
381 1602 480 1667 Grote
503 1604 540 1668 H.
561 1601 602 1668 of.
623 1602 679 1667 Gr.
700 1601 767 1668 Xll.
786 1623 816 1686 p.
838 1623 880 1668 m.
902 1601 977 1667 464.
998 1611 1029 1665 et
1047 1600 1167 1665 Roulez
1184 1603 1222 1666 de
1235 1601 1363 1667 Heracl.

193 1723 282 1788 Pont.
314 1745 344 1807 p.
380 1725 419 1786 11
444 1745 523 1808 ssq.‚
552 1722 619 1801 hic,
652 1721 739 1786 aliud
764 1743 877 1809 agens,
908 1721 1031 1807 scripsit
1053 1720 1227 1809 Diogenem
1251 1730 1363 1786 testem

193 1842 329 1907 excitare
351 1842 535 1928 Dionysium
559 1843 589 1906 ἐν
614 1842 805 1920 donatiuum
832 1840 941 1906 eodem
964 1840 1058 1906 modo
1080 1841 1256 1906 Demetrius
1275 1841 1364 1928 Mag-

192 1985 249 2028 nes
277 1974 309 2027 et
334 1962 500 2049 Dionysius
527 1964 669 2051 Magnes,
701 1962 856 2027 Ciceronis
879 1961 1056 2038 familiaris,
1088 1959 1210 2026 confusi
1233 1970 1307 2024 sunt
1330 1961 1362 2024 in

193 2082 369 2160 Thesauro,
394 2105 489 2167 quem
512 2081 677 2147 ediderunt
697 2081 804 2148 Ersch.
829 2091 859 2147 et
881 2081 1024 2161 Gruber,
1055 2103 1085 2147 v.
1109 2082 1198 2146 Dem.
1221 2083 1362 2168 Hagnes.

239 2204 284 2268 De
306 2202 489 2292 Heraclidae
507 2214 608 2268 morte
630 2202 724 2268 aliam
748 2202 887 2268 fabulam
910 2213 1020 2268 narrat
1043 2202 1232 2288 Hermippus
1257 2200 1362 2290 (Diog.

194 2323 228 2387 L.
264 2324 303 2390 V.
341 2320 409 2410 91).
452 2322 645 2408 Hippobotus
673 2334 783 2389 utrum
813 2324 971 2389 Demetrio
999 2324 1105 2388 iunior
1133 2345 1174 2387 an
1204 2322 1366 2408 antiquior
1415 2321 1416 2372 l

195 2442 306 2521 fuerit,
330 2465 445 2529 parum
468 2441 582 2528 liquet3
611 2443 788 2530 Nymphide
807 2457 839 2508 et
863 2443 1064 2530 Theopompo
1088 2454 1173 2508 certe
1192 2442 1362 2528 posterior,

195 2562 316 2648 scripsit
338 2561 404 2642 περὶ
433 2561 575 2642 αἱρέσεων
597 2562 779 2645 φιλοσόφων
807 2575 838 2628 et
861 2586 880 2628 a
901 2561 1036 2628 lllullero
1066 2563 1196 2628 omissus
1225 2573 1287 2642 est;
1320 2561 1360 2630 cf.

195 2685 282 2751 voss.
307 2683 345 2747 H.
369 2681 425 2747 Gr.
450 2703 481 2766 p.
506 2680 570 2744 455
594 2683 649 2747 W.

250 2771 371 2865 Nomen
405 2799 601 2878 Heraclides,
636 2812 673 2865 ut
709 2802 889 2888 Dionysius,
932 2801 1128 2881 Theodorus,
1168 2801 1360 2879 Demetrium
1414 2807 1415 2844 ³

194 2919 397 3006 Apollonius,
439 2918 517 2984 adeo
554 2943 722 2986 commune
756 2921 831 2999 fuit,
875 2932 912 2986 ut
944 2935 1068 3010 praeter
1102 2919 1359 3008 quatuordecim,

195 3039 352 3107 Demetrio
388 3051 466 3104 natu
503 3040 652 3117 maiores,
694 3040 802 3127 plures
835 3042 887 3107 alii
929 3067 966 3108 eo
1005 3044 1143 3108 iuniores
1176 3041 1361 3108 Heraclidae

195 3172 373 3226 occurrant.
409 3160 454 3223 De
476 3161 570 3224 variis
591 3162 671 3226 varii
693 3175 838 3250 egerunt.
873 3162 1028 3250 Pleraque
1046 3185 1157 3228 eorum
1178 3185 1259 3249 quae
1283 3165 1360 3230 Vos-
1413 3215 1414 3224 ,

130 3265 132 3272 ’
195 3280 274 3358 sius,
310 3280 448 3357 lonsius,
483 3280 641 3346 Fabricius
673 3284 882 3368 scripserunt,
917 3282 1045 3371 collegit
1076 3282 1198 3348 Roulea
1227 3306 1260 3369 p.
1298 3285 1360 3349 106

195 3422 298 3485 seqq.;
329 3399 368 3463 de
397 3398 561 3464 Heraclide
590 3399 706 3465 Lembo
732 3402 796 3488 egit
825 3401 976 3466 Mullerus
1004 3403 1037 3468 F.
1061 3404 1099 3468 H.
1125 3402 1180 3469 Gr.
1206 3403 1264 3470 lll.
1298 3403 1361 3467 161

194 3541 280 3604 seqq.
304 3518 421 3606 Geogr.
444 3519 518 3585 Hin.
542 3521 599 3605 lp.
612 3520 806 3586 LIV-Llll.
819 3522 920 3586 -Ne
938 3521 1122 3600 ἀσύμβολος
1141 3521 1215 3588 hinc
1233 3521 1360 3600 abeam,
1412 3605 1413 3618 χ

194 3637 311 3703 notabo
322 3636 413 3702 haec:
435 3638 613 3704 Heraclides
624 3641 787 3718 Ponticus,
805 3639 914 3707 ordine
925 3638 976 3704 hic
987 3641 1156 3719 secundus,
1176 3642 1360 3724 ὂπυρρίχαις
1412 3653 1413 3658 ’

195 3757 247 3823 καὶ
264 3758 423 3840 <parapter
439 3759 689 3838 συντεταγμένος
700 3761 951 3826 arecentioribus
962 3760 1044 3826 idem
1056 3760 1135 3826 solet
1146 3761 1255 3826 haberi
1267 3775 1362 3848 atque

194 3877 373 3943 Heraclides
393 3879 554 3958 Ponticus,
576 3879 630 3965 qui
648 3880 782 3961 Λέσχας
801 3881 933 3966 scripsit.
964 3879 1015 3945 llli
1027 3903 1103 3946 vero
1114 3892 1182 3946 tum
1195 3882 1226 3946 in
1240 3893 1362 3968 tempo·

195 4020 268 4065 rum
287 3998 455 4078 rationem,
480 4009 549 4065 tum
567 3999 599 4063 in
618 3999 826 4065 Graecitatem
845 4012 1068 4087 peccaverunt,
1092 4024 1167 4067 nam
1179 4001 1362 4068 Heraclides

195 4120 342 4183 Ponticus
364 4119 457 4198 alter,
483 4141 576 4206 quem
599 4119 688 4185 novit
706 4122 883 4188 Demetrius
906 4124 1045 4210 lllagnes,
1070 4145 1134 4187 non
1154 4132 1255 4210 potest
1276 4119 1360 4187 idem

196 4259 260 4302 esse
283 4237 402 4323 atqueo‘
418 4240 651 4318 λεσχηνευτής,
676 4241 730 4327 qui
752 4241 879 4329 Didymi
902 4243 1040 4330 aequalis
1057 4241 1096 4308 ad
1115 4241 1237 4310 Claudii
1257 4243 1361 4308 Nero·
1411 4259 1412 4284 ¹

195 4354 305 4440 nisque
327 4354 537 4442 principatum
560 4359 671 4425 vixisse
694 4361 838 4429 traditur.
873 4363 972 4452 (Suid.
994 4386 1022 4431 v.
1043 4363 1260 4452 Ἡρακλείδης)
1291 4362 1364 4442 Illi,
