2822 4540
713 241 754 304 42

148 457 196 530 οὖν
221 463 256 526 τὸ
280 461 337 541 μὲν
356 459 486 540 οίγνιείς
505 460 569 526 cirri
585 466 640 528 τοῦ
658 459 776 540 οίγνιοί,
800 461 839 533 νίς
852 457 987 543 Τρύφων
1001 460 1099 545 Oscis
1122 463 1152 527 ἐν
1172 463 1312 544 παρανί-

147 603 229 661 μοις·
250 583 340 663 „acis
368 582 409 654 είς
436 579 608 655 οῖίιρλνκίν
636 579 909 659 ἰσοσύλλαβον
933 577 1001 661 ἔχει
1020 591 1060 664 τῇ
1084 579 1185 664 culleis
1201 581 1254 646 καί
1271 591 1309 668 τῇ

147 709 254 784 aestati
270 701 305 768 al
320 699 517 780 παρώνυμον,
540 699 696 780 Mauortia
711 697 911 782 Μοφοοιιειίς,
929 700 1116 782 Ἐρετριεύς,
1139 701 1311 788 Φωκαιεύς,

148 818 338 893 Θεσπιςιίς.”
358 819 433 889 item
448 818 488 885 ab
506 817 657 900 Ἀρκαδία
676 820 856 901 Ἀρκαδιεύς
876 829 908 889 et
930 819 1309 894 α1ιἈλίαίαἈλίαιείς.

585 1067 858 1126 ΑΡΚΕΣΙΛΑΟΙ.

191 1303 222 1368 1.
245 1297 438 1377 Arcesilaus,
462 1297 621 1370 Crantoris
639 1296 825 1386 discipulus,
850 1297 1168 1368 mediaoAcademiae
1187 1305 1310 1364 auctor.

188 1419 392 1509 Diogenes
413 1418 447 1488 L.
471 1419 527 1488 lv.
551 1418 607 1489 45.
651 1417 804 1497 Γεγόνασι
831 1419 862 1486 δὲ
893 1419 946 1484 καὶ
979 1417 1071 1486 ἄλλοι
1095 1425 1177 1502 τρεῖς
1200 1418 1309 1497 'Apre-

145 1539 260 1608 σίλαοι·
275 1539 404 1615 ποιητὴς
418 1537 558 1619 ἀρχαίας
575 1537 750 1617 κωμῳδίας,
775 1536 873 1612 ἄλλος
894 1538 1058 1617 ἐλεγείας,
1081 1535 1181 1619 ἕτερος
1200 1537 1309 1619 αίγαλ-

144 1656 326 1737 ματοποιός·
351 1657 394 1729 είς
420 1652 452 1724 ίν
475 1656 528 1726 καί
555 1656 726 1736 Σιμωνίδης
746 1656 887 1732 ἐποίησεν
907 1656 1099 1738 ἐπίγραμμα
1121 1656 1219 1722 ταυτί·

255 1775 434 1859 Ἀρτέμιδος
456 1775 520 1850 τίδ’
543 1774 703 1856 οίγαλιαα,
726 1777 876 1853 διακόσιαι
901 1777 927 1850 δ’
949 1775 998 1858 ἄρ’
1022 1775 1036 1840 ὁ
1060 1776 1166 1855 μισθὸς

293 1896 436 1979 δραχμαὶ
459 1897 513 1966 σαί
538 1895 668 1978 Ποίριαι,
691 1901 750 1962 τῶν
774 1896 916 1980 ἐπίσημα
938 1894 1065 1978 τράγος.

161 2003 164 2008 ’
253 2018 388 2094 ἀσκητὸς
413 2018 439 2082 δ’
463 2017 603 2093 ἐποίησεν
627 2017 789 2093 Ἀθαναίας
813 2016 999 2100 σαλοίμρσιν

292 2135 377 2214 aera
401 2135 587 2217 Ἀρκεσίλας
613 2137 674 2208 vlle
698 2136 916 2217 Ἀριστοδίκου.

187 2255 281 2343 Apud
305 2257 482 2344 ,Diogenen
512 2257 546 2328 L.
573 2256 606 2328 in
636 2255 838 2343 Theophrasti
867 2257 930 2326 vita
966 2257 1017 2349 (V.
1050 2258 1122 2346 41..)
1157 2255 1306 2327 laudatur

143 2374 269 2461 quidam
294 2375 426 2462 scriptor
448 2373 650 2456 Ἀρκεσίλαος
675 2384 865 2452 Πιταναῖοςς
898 2397 977 2442 num
1000 2377 1042 2441 ibi
1064 2376 1103 2442 de
1125 2376 1306 2462 corruptela

144 2494 363 2584 cogitandum,
388 2517 488 2580 quum
512 2517 602 2581 saepe
625 2495 846 2577 Ἀρκεσίλαος,
871 2495 1094 2570 Ἀκουσίλαος,
1119 2505 1151 2561 et
1172 2495 1304 2576 Ἀγησί-

142 2629 218 2686 λαος
242 2614 323 2680 inter
345 2637 410 2679 sese
437 2613 694 2681 confunduntur?
741 2616 809 2702 Non
840 2617 898 2681 ita:
933 2614 1110 2680 Arcesilaus
1139 2615 1307 2680 Pitanaeus

142 2756 236 2798 nemo
266 2733 346 2798 alius
376 2743 441 2812 cst,
471 2733 530 2798 nisi
559 2732 775 2820 philosophus,
811 2744 886 2799 teste
915 2734 982 2820 ipso
1004 2733 1142 2821 Diogene
1163 2734 1218 2801 IV.
1243 2735 1304 2812 28,

143 2853 253 2924 Pitana
274 2853 307 2918 in
330 2852 458 2924 Aeolide
480 2853 642 2921 oriundus.
682 2855 801 2922 Verum
826 2855 898 2920 satis
923 2863 1059 2932 constat,
1084 2863 1305 2940 praeterquam
1397 2883 1398 2973 p

142 2995 182 3044 ex
203 2972 343 3060 Diogene
358 2973 413 3042 lv.
437 2974 496 3052 32,
522 2995 561 3038 ox
584 2972 659 3041 locis
682 2994 700 3038 a
723 2971 864 3036 Fabricio
885 2971 921 3039 B.
944 2971 983 3040 G.
1007 2973 1049 3044 11,
1073 2996 1104 3059 p.
1129 2974 1172 3040 53
1195 2972 1244 3042 ed.
1260 2976 1306 3040 1ae

33 3185 36 3190 Ι
142 3102 173 3160 et
202 3092 347 3164 Cliutono
376 3093 409 3161 F.
433 3093 471 3158 Η.
499 3093 554 3160 Ill.
585 3114 616 3177 p.
641 3092 705 3156 511
737 3090 856 3174 allatis,
891 3091 1086 3158 Arcesilaum
1121 3092 1306 3161 Pitanacum

10 4434 82 4490 k

141 3211 223 3282 inter
245 3234 298 3278 eos
320 3209 518 3298 philosophos
540 3211 649 3290 fnisse,
674 3212 729 3298 qni
750 3209 829 3278 nihil
852 3211 959 3298 scripti
980 3211 1190 3298 reliquerunt;
1223 3211 1306 3283 hanc

141 3329 319 3418 opinionem
353 3331 441 3398 locus
472 3355 513 3398 ex
547 3329 750 3416 Theophrasti
773 3331 836 3400 vita
869 3331 971 3418 potius
993 3330 1157 3398 confirmat
1169 3364 1186 3409 ,ι
1209 3353 1305 3418 quam

141 3447 323 3529 labefactat,
347 3451 380 3519 in
403 3473 466 3537 quo
490 3449 560 3519 loco
582 3450 735 3537 Diogenes
756 3450 945 3516 Favorinum
973 3460 1004 3514 et
1032 3450 1204 3516 Favorinus
1225 3452 1305 3516 Her-

140 3569 283 3655 mippum
302 3580 333 3638 et
350 3581 478 3644 auctore
489 3569 643 3638 Favorino
654 3571 843 3657 Hermippus
854 3569 1048 3639 Arcesilaum
1072 3579 1181 3638 testem
1197 3569 1306 3638 laudat

139 3690 178 3764 de
201 3690 430 3777 Theophrasto,
453 3690 517 3758 iarn
547 3712 621 3758 sene
647 3688 756 3756 lectica
778 3688 976 3758 circumferri
997 3689 1098 3758 solito.
1142 3689 1231 3760 ldem
1254 3689 1306 3758 hic

138 3809 226 3882 locus
256 3809 431 3882 allullero
462 3810 545 3876 inter
566 3809 728 3896 Hermippi
758 3808 936 3898 fragmenta
965 3807 1086 3880 relatus
1115 3811 1160 3900 (F.
1183 3811 1222 3874 Η.
1246 3810 1302 3882 Gr.

136 3928 193 4000 111.
216 3930 285 4018 46.)
311 3929 416 3997 virum
438 3951 597 4002 summum
621 3927 660 3993 ad
682 3929 871 3996 Favorinum
894 3928 985 4017 fugit

181 4047 275 4131 Quod
296 4045 337 4114 ad
359 4045 512 4133 reliquos,
536 4046 687 4116 Arcesilai
710 4047 876 4136 sculptoris
898 4048 1049 4116 memoria
1080 4047 1154 4120 alibi
1177 4070 1302 4140 quoque

136 4175 259 4240 servm
273 4174 334 4236 est:
354 4165 532 4238 Arcesilaus
542 4167 669 4248 Parius,
693 4168 782 4238 cuius
803 4168 885 4236 inter
906 4168 1135 4255 antiquissimos
1146 4169 1301 4239 encausti·

135 4308 191 4356 cae
213 4285 346 4372 pictores
376 4287 519 4361 meminit
541 4287 660 4358 Plinius
689 4290 727 4355 N.
750 4291 788 4356 Ii.
808 4291 937 4357 XXXV.
963 4291 1002 4357 11
1027 4291 1042 4374 t
1066 4290 1126 4368 38,
1152 4286 1234 4358 idem
1257 4296 1302 4356 ast
