2822 4540
730 247 771 310 26

130 549 135 557 ι
165 468 269 534 virum
292 465 439 532 facientes
462 489 561 554 quum
584 468 646 534 iam
669 467 831 554 Menagius
853 465 1018 546 indicavit,
1042 488 1095 532 eos
1116 465 1167 532 hic
1190 477 1334 554 repetere

165 587 310 673 putidum
333 597 428 664 esset,
452 587 477 651 si
500 585 594 652 modo
615 587 777 673 hlenngius
800 585 871 673 plus
894 608 990 672 quam
1011 585 1121 652 indicis
1149 596 1253 674 partes
1275 587 1334 653 sibi

165 705 331 772 tribuisset.
376 708 444 772 Iam
473 706 640 774 Aeschines
669 706 804 772 Milesius
836 729 918 772 unus
944 731 984 772 ex
1006 707 1180 774 novissimis
1201 709 1335 795 scripto·

166 826 254 892 ribus
275 835 336 904 est,
361 826 475 911 quibus
497 827 672 893 Demetrius
694 827 728 892 in
751 827 815 892 suis
837 826 988 914 catalogis
1011 826 1117 894 locum
1140 825 1240 908 dedit;
1266 837 1337 892 erat

167 947 252 1013 enim
275 945 349 1011 hnic
371 958 403 1010 et
424 947 566 1012 Ciceroni
588 946 736 1033 aequalis.
767 945 924 1012 Ciceronis
946 945 1097 1011 disertum
1121 946 1336 1012 testimonium

168 1065 200 1130 in
222 1067 322 1130 Bruto
345 1088 373 1130 c.
398 1066 439 1130 95
464 1065 652 1132 confirmant
672 1067 713 1130 hl.
737 1067 856 1131 Seneca
876 1067 1035 1156 (Controv.
1063 1067 1092 1129 1.
1117 1069 1147 1130 8.
1168 1087 1199 1152 p.
1222 1067 1286 1130 128
1305 1075 1340 1129 et

171 1186 232 1250 131
257 1185 339 1273 Bip.)
370 1194 402 1250 et
432 1185 544 1250 Strabo
567 1209 597 1271 p.
629 1185 703 1252 635.
748 1185 801 1250 Ait
830 1185 961 1250 Strabo:
999 1185 1145 1266 ,Ἄνδρες
1185 1185 1216 1249 δὲ
1254 1180 1337 1261 ἄξιοι

169 1305 293 1384 μνήμης
318 1305 456 1382 ἐγένοντο
473 1307 504 1370 ἐν
518 1315 557 1388 τῇ
579 1306 714 1386 Μιλήτῳ
740 1312 849 1379 Θαλῆς
869 1342 914 1356 -
936 1307 1015 1370 καθ’
1038 1306 1141 1383 ἡμᾶς
1168 1304 1199 1369 δὲ
1220 1302 1338 1383 Αἰσχί-

171 1449 221 1501 νης
247 1426 260 1490 o‘
285 1423 415 1506 ῥήτωρ.”

214 1544 341 1610 Dudum
379 1554 498 1610 constat
531 1543 717 1612 Strabonem
751 1555 824 1612 ante
853 1568 881 1611 a.
907 1547 948 1612 60
976 1567 1005 1609 a.
1028 1545 1062 1609 C.
1085 1543 1178 1610 fuisse
1207 1552 1337 1621 natum,

171 1685 308 1750 eumque
332 1664 384 1728 ubi
400 1663 538 1750 aliquem
557 1663 631 1730 dicit
644 1665 713 1730 καθ’
729 1667 814 1744 ἡμᾶς
830 1665 993 1743 γεγονέναι
1012 1674 1135 1730 tantum
1147 1663 1338 1753 significare,

172 1805 273 1870 quum
307 1784 371 1870 ipse
405 1783 437 1848 in
468 1783 546 1850 vivis
579 1795 675 1863 esset,
714 1784 811 1850 talem
845 1785 951 1850 virum
982 1784 1125 1850 nondum
1159 1783 1199 1850 ad
1232 1782 1341 1869 plures

172 1902 294 1969 abiisse:
319 1925 383 1966 non
403 1925 479 1967 vero
502 1925 576 1969 cum
587 1901 850 1990 Wyttenbachio‚
874 1903 972 1968 invita
994 1904 1186 1982 Graecitate,
1210 1901 1340 1969 Strabo-

171 2043 245 2086 nem
277 2019 453 2108 putandum
484 2045 549 2088 osse
579 2021 749 2088 formulam
780 2024 849 2088 καθ’
870 2024 956 2102 ἡμᾶς
980 2023 1018 2089 de
1041 2024 1076 2089 iis
1098 2046 1225 2110 quoque
1247 2021 1341 2088 adhi-
1404 2071 1405 2116 ᾖ

171 2140 291 2219 buisse,
319 2140 374 2226 qui
396 2138 564 2226 paululum
587 2163 677 2207 suam
707 2152 838 2208 aetatem
868 2145 1113 2229 praecessissent.
1139 2141 1341 2230 (cholinus

172 2263 205 2326 F.
229 2264 267 2327 H.
291 2263 347 2325 ΙΙΙ.
372 2281 402 2348 p.
427 2261 503 2326 555.
529 2272 561 2327 et
583 2262 742 2350 Forbiger.
763 2261 884 2327 Handb.
908 2264 934 2331 Ι.
958 2286 989 2349 p.
1014 2263 1078 2329 302
1101 2267 1192 2349 seq.).
1237 2259 1342 2348 Igitur

173 2380 340 2447 Aeschines
372 2380 510 2446 Milesius
543 2382 627 2447 circa
661 2403 689 2446 a.
715 2382 767 2448 60.
801 2393 956 2468 superstes
990 2381 1064 2460 fuit,
1100 2381 1229 2466 eiusque
1259 2380 1341 2443 vitae

174 2502 344 2566 terminum
375 2499 572 2586 aliquatenus
594 2498 721 2566 definias
747 2524 786 2566 ex
809 2502 968 2567 Cicerone.
1014 2499 1072 2564 llic
1100 2498 1121 2564 l.
1146 2498 1167 2564 l.
1199 2498 1339 2584 scripsit:

175 2670 193 2702 „
204 2621 235 2686 in
259 2642 323 2705 quo
347 2621 391 2708 (in
415 2618 515 2685 altero
537 2619 671 2686 Asiatico
697 2619 819 2686 dicendi
842 2621 970 2708 genere)
993 2620 1052 2684 fuit
1073 2617 1247 2706 Aeschylus
1269 2618 1342 2683 Cni-

175 2738 245 2805 dius
273 2750 305 2804 et
332 2762 420 2806 meus
455 2738 637 2829 (Ciceronis)
672 2739 812 2826 aequalis
840 2739 975 2805 Milesius
997 2739 1174 2804 Aeschines.
1219 2740 1264 2803 In
1291 2738 1343 2802 iis

175 2870 265 2925 erat
287 2858 478 2926 admirabilis
501 2861 650 2926 orationis
673 2882 801 2939 cursus,
826 2867 937 2925 ornata
960 2859 1184 2924 sententiarum
1212 2857 1343 2922 concin-

175 2980 256 3044 nitas
279 3000 343 3042 non
366 2977 466 3044 erat.”
509 2979 648 3067 Apparet
668 2980 850 3045 Ciceronem
873 2977 912 3044 de
932 2990 1067 3064 utroque
1089 2988 1215 3044 mortno
1238 2975 1343 3061 loqui,

175 3110 208 3164 et
229 3096 382 3164 Milesium
406 3098 592 3166 Aeschinem
615 3109 725 3165 natum
748 3098 841 3165 fnisse
865 3121 897 3163 at·
919 3098 985 3164 fere
1011 3099 1072 3164 106
1096 3121 1124 3162 a.
1152 3099 1204 3175 C.,
1236 3096 1345 3162 obiisse

176 3220 261 3284 intra
291 3239 320 3281 a.
345 3217 387 3282 60
410 3228 441 3282 et
467 3240 495 3282 a.
519 3219 580 3296 46,
609 3241 673 3305 quo
703 3218 872 3303 posteriore
902 3240 986 3283 anno
1012 3219 1146 3283 Brutum
1170 3216 1346 3302 composuit

177 3337 309 3403 Tullius.
335 3336 471 3427 (Clinton
485 3338 517 3402 F.
530 3339 568 3401 H.
589 3354 621 3402 a⁰
645 3338 697 3402 46.
721 3359 750 3402 a.
772 3335 819 3425 C.)
855 3338 965 3423 Itaque
987 3336 1105 3424 duplici
1127 3357 1236 3402 errore
1258 3344 1343 3400 tene·

177 3469 232 3524 tm·
264 3459 528 3524 Westermannus
560 3455 671 3522 Gesoh.
709 3456 766 3521 der
798 3455 923 3522 Bereds.
957 3458 984 3524 1.
1014 3459 1029 3541 §
1060 3459 1121 3534 81,
1156 3466 1225 3521 tum
1259 3453 1345 3541 quod

177 3576 362 3644 Aeschinem
386 3576 539 3644 Milesium
563 3599 628 3643 non
646 3576 788 3643 Ciceroni
805 3575 988 3662 aequalem,
1012 3575 1066 3642 sed
1083 3576 1143 3642 hoo
1161 3597 1226 3640 una
1243 3583 1344 3640 aetate

178 3699 330 3766 maiorem
360 3696 448 3776 facit,
483 3706 598 3784 putans
627 3719 700 3763 eum
731 3696 815 3761 circa
838 3715 866 3760 a.
897 3697 959 3762 140
983 3717 1011 3761 a.
1035 3696 1068 3761 C.
1098 3705 1210 3761 natum
1232 3692 1342 3773 fuisse,

178 3828 248 3884 tum
278 3816 363 3903 quod
385 3818 452 3883 eius
474 3826 609 3882 aetatem
632 3815 724 3881 ada.
748 3816 791 3882 30
815 3838 843 3881 a.
867 3816 900 3882 C.
925 3813 1079 3902 producit.
1109 3853 1155 3869 -·-
1175 3814 1344 3880 Aeschines

178 3936 314 4004 Milesius
336 3936 451 4002 dicitur
473 3957 491 4000 a
514 3937 633 4000 Seneca
655 3946 745 4021 patre
768 3933 862 4002 fuisse
884 3957 967 4000 unus
988 3958 1056 4018 „er
1079 3934 1168 4000 bonis
1187 3934 1343 4001 declama·

178 4056 339 4137 toribus’',
373 4055 486 4142 quibus
520 4055 639 4120 Seneca
661 4054 814 4143 significat
836 4055 917 4122 idem
942 4079 979 4124 ae
1003 4031 1116 4122 Strabo
1138 4057 1248 4138 ῥήτορα
1271 4077 1345 4122 eum

179 4197 308 4257 vocans3
342 4175 459 4261 optime
487 4195 561 4241 eum
591 4171 738 4242 describit
757 4177 933 4246 Demetrius
955 4176 1078 4244 duobus
1099 4175 1202 4242 serbis
1224 4190 1345 4242 noaret·

181 4297 232 4370 κὸς
265 4292 490 4395 συγγραφςύκ
528 4295 559 4362 in
594 4294 754 4382 republica
785 4308 926 4366 versatus
957 4297 1052 4366 fuerit
1080 4295 1260 4376 Aeschines,
1293 4296 1347 4384 qui

6 4429 140 4490 A
