2822 4540
679 276 721 340 45

164 495 423 580 ὀχοροῆριίφος·
454 496 592 564 Ukertus
614 496 731 586 Geogr.
754 499 780 564 l.
808 499 871 564 110
902 496 988 563 hunc
1017 498 1154 563 incertae
1179 499 1287 564 aetatis

115 639 184 685 esse
207 619 298 697 dicit,
322 616 511 706 Porbigerus
532 618 558 684 I.
578 617 640 682 161
659 615 798 696 dubitat,
819 628 928 683 utrum
946 616 997 682 hic
1014 637 1055 682 an
1074 616 1286 704 Cappadociae

115 740 252 807 ultImus
284 761 358 816 rex,
394 736 434 802 de
468 759 532 823 quo
561 759 652 816 mox,
683 746 797 802 auctor
827 736 922 802 fuerit
949 734 1022 801 libri
1044 734 1112 815 πορί
1135 741 1285 816 ποταμῶν

116 858 219 948 (Stob.
243 861 344 925 Serm.
371 858 446 923 100.
473 856 539 945 15).

163 979 177 1042 o'
202 978 245 1044 τὰ
271 977 393 1060 ἰδιοφυῆ
415 975 559 1052 ιιοιῆσοις.
606 975 782 1041 Demetrius
799 974 932 1053 indicat,
955 972 1146 1040 Archelaum
1157 974 1287 1059 eiusque

116 1097 222 1184 operis
251 1096 431 1163 celebritate
461 1119 525 1161 non
556 1095 691 1160 caruisse
718 1105 767 1174 et,
797 1105 834 1160 ut
856 1095 888 1160 in
916 1094 1089 1161 notioribus
1111 1091 1215 1162 lacere
1237 1117 1286 1160 so·

116 1215 176 1296 let,
212 1217 280 1281 eius
309 1216 443 1303 patriam
472 1213 586 1280 addere
616 1215 735 1296 omisit3
770 1213 852 1281 hanc
881 1214 1130 1282 Chersonnesum
1159 1216 1286 1303 Aegyp·

116 1336 251 1414 tiacam,
272 1333 384 1401 urbem
403 1356 467 1400 non
487 1333 583 1422 longe
601 1333 641 1399 ab
659 1333 851 1400 Alexandria
862 1334 1015 1414 dissitam,
1035 1335 1127 1401 fuisse
1141 1332 1284 1422 (neinek.

116 1453 211 1522 Anal.
238 1452 326 1520 Alex.
350 1477 380 1540 p.
406 1453 484 1542 342)
504 1476 543 1520 ex
562 1451 723 1521 Athenaeo
741 1477 771 1540 p.
793 1454 858 1520 409
879 1454 1033 1522 novimus.
1057 1455 1183 1524 Vitiosis
1200 1453 1288 1520 libris

116 1572 258 1660 decepti,
293 1574 388 1640 etiam
417 1583 582 1660 postquam
607 1574 735 1647 Vossius
754 1575 792 1641 H.
816 1574 873 1642 Gr.
891 1597 921 1661 p.
947 1575 1011 1640 397
1042 1596 1105 1660 seq.
1135 1574 1287 1662 pleraque

115 1705 204 1761 recte
237 1694 276 1760 de
309 1693 452 1775 ἰδιοφυῶι
481 1701 610 1759 auctore
644 1691 780 1772 viderat,
815 1691 892 1758 olim
926 1691 1110 1759 dubitabant
1142 1690 1181 1758 de
1214 1692 1288 1758 libri

116 1814 226 1893 titulo,
263 1836 358 1900 quem
393 1811 510 1877 librum
544 1835 631 1878 nunc
665 1811 720 1877 din
750 1821 870 1878 constat
898 1813 1019 1894 ἰδιοφυῆ
1049 1812 1233 1899 inscriptum
1256 1820 1288 1878 et

117 1934 384 2022 epigrammatum
420 1931 637 1998 collectionem
668 1930 849 2018 amplexum
881 1930 974 1998 fnisse
1005 1930 1088 2020 (vide
1110 1931 1288 2019 fragmenta

116 2053 150 2118 in
173 2051 388 2140 Paradoxogr.
412 2075 443 2138 p.
470 2053 532 2116 159
557 2051 606 2118 ed.
630 2050 759 2139 west).
804 2051 867 2133 Qui
895 2051 1000 2116 omnia
1026 2050 1064 2117 de
1086 2050 1247 2117 Archelais
1269 2072 1288 2115 a

116 2173 258 2239 Fabricio
284 2171 331 2260 (B.
344 2171 401 2237 Gr.
425 2173 466 2237 ΙΙ.
492 2173 559 2236 210
580 2170 629 2238 ed.
656 2174 699 2234 1²e
722 2180 752 2236 et
773 2172 860 2237 XIII.
887 2169 941 2259 79)
968 2169 1098 2257 aliisque
1124 2169 1177 2260 (cf.
1197 2171 1286 2240 Voss.

118 2295 156 2360 H.
170 2292 227 2358 Gr.
253 2314 284 2378 p.
310 2291 351 2356 96
377 2289 446 2380 W.)
480 2289 609 2356 confusa
639 2291 716 2366 sint,
747 2288 826 2357 haec
853 2289 992 2356 indicare
1018 2312 1286 2377 supervacaneum

117 2421 149 2475 et
175 2434 194 2476 a
216 2409 375 2496 proposito
397 2420 504 2475 nostro
527 2409 665 2474 alienum
689 2419 750 2489 est;
775 2407 828 2474 sed
851 2410 968 2476 mirum
990 2411 1285 2489 Westermannum,

118 2530 173 2616 qui
202 2529 288 2616 apud
317 2530 479 2608 vossium,
510 2552 529 2594 a
559 2553 591 2594 se
622 2528 727 2596 denuo
754 2528 887 2609 editum,
917 2529 974 2596 illa
1002 2540 1087 2596 recte
1113 2530 1288 2618 conscripta

118 2649 302 2729 invenisset,
327 2649 483 2735 scripsisse
504 2649 538 2714 in
557 2648 656 2734 praef.
676 2647 716 2713 ad
739 2647 952 2736 Paradoxogr.
972 2671 1004 2734 p.
1019 2673 1098 2714 xxiv
1120 2650 1288 2737 „suspicor

118 2769 240 2850 ἰδιοφυῆ
272 2790 398 2854 quoque
427 2767 568 2833 versibus
597 2768 713 2854 scripta
742 2766 868 2833 fuisse.’'
915 2768 1063 2832 Demetrii
1084 2769 1168 2834 enim
1191 2768 1288 2834 verba

118 2888 157 2954 ab
187 2889 253 2974 ipso
282 2889 391 2957 Vossio
413 2887 526 2967 allata,
558 2888 571 2952 ἰ
593 2888 636 2953 ris
657 2889 779 2970 ἰδιοφυῆ
807 2888 938 2964 ποιῆσαι
961 2887 1021 2954 hac
1043 2887 1138 2954 dere
1160 2911 1287 2956 omnem

118 3007 345 3074 dubitationem
379 3006 512 3087 tollunt;
555 3007 633 3072 Isaeo
666 3008 691 3072 si
724 3007 873 3073 tenuisset
905 3009 1184 3086 Westermannus,
1222 3031 1286 3074 non

117 3127 182 3193 duo
205 3126 327 3192 diversa
349 3124 496 3192 Archelai
520 3148 615 3212 opera
637 3125 874 3209 εἰιιγριίμμιιτιι
886 3136 918 3192 et
936 3128 1059 3210 ἰδιοφυῆ
1079 3126 1285 3194 confluxisset.

116 3245 224 3324 ldem,
255 3246 440 3312 assentiente
468 3245 582 3310 Bebrio
609 3246 655 3333 (in
679 3245 781 3311 Paulli
803 3245 892 3312 Thes.
915 3248 940 3314 1.
966 3247 1064 3336 681),
1095 3245 1286 3313 Archelaum

119 3365 177 3432 sub
212 3365 393 3430 Ptolemaeo
425 3364 631 3452 Philadelpho
664 3366 775 3432 vixisse
808 3367 946 3452 putavit;
982 3366 1021 3432 ab
1049 3389 1087 3432 eo
1108 3365 1288 3452 discrepans

117 3487 270 3554 Mullorus
297 3486 331 3551 F.
363 3487 401 3551 H.
429 3485 485 3554 Gr.
513 3487 570 3550 III.
593 3509 624 3572 p.
649 3488 692 3552 28
715 3510 754 3552 ex
777 3487 936 3574 Antigono
959 3487 1029 3552 Car.
1052 3509 1080 3552 c.
1106 3485 1147 3552 23
1171 3497 1203 3551 et
1225 3485 1286 3563 96,

118 3611 263 3678 Varrone
292 3609 331 3674 R.
359 3609 399 3673 R.
430 3607 486 3671 III.
518 3607 559 3671 16
590 3617 621 3672 et
651 3606 735 3672 Plut.
762 3605 877 3673 Cleone
900 3606 943 3672 39
965 3605 1119 3694 sagaciter
1141 3604 1286 3694 collegit,

119 3727 310 3794 Archelaum
333 3725 505 3794 Ptolemaei
524 3726 732 3815 Philopatoris
754 3725 942 3816 (tto-206
963 3748 991 3790 a.
1012 3723 1059 3814 C.)
1083 3723 1178 3790 fuisse
1196 3747 1287 3792 coae-

118 3858 246 3915 taneum
280 3848 443 3934 eidemque
478 3869 558 3933 opus
591 3869 685 3912 suum
719 3846 882 3915 dedicasse.
917 3885 962 3897 -
996 3846 1066 3911 Duo
1100 3843 1162 3910 alia
1191 3867 1287 3931 opera

120 3966 257 4034 eiusdem
280 3966 404 4053 generis
422 3975 453 4031 et
471 3966 557 4033 tituli
578 3975 812 4045 memorantur,
833 3966 969 4033 alterum
992 3963 1163 4031 Ptolemaei
1185 3967 1284 4053 regis,

121 4086 159 4153 ad
190 4108 284 4173 quem
314 4106 371 4150 sua
397 4083 571 4152 Archelaus
592 4085 729 4168 miserit,
756 4107 913 4173 quemque
935 4083 1107 4150 Lobeckius
1129 4082 1285 4171 Aglaoph.

121 4229 151 4294 p.
173 4206 256 4284 749,
280 4215 352 4272 ante
374 4204 544 4272 Mullernm
568 4206 722 4286 scribens,
746 4203 876 4294 putabat
893 4202 1213 4291 luisse'Physconem3
1239 4201 1286 4266 al-

121 4339 223 4395 terum
255 4325 383 4414 Orpheo
412 4326 628 4406 tribuebatur,
662 4349 725 4414 quo
755 4347 852 4412 opere
879 4322 1000 4390 Plinius
1021 4345 1054 4389 se
1076 4344 1170 4388 mum
1193 4319 1286 4386 fuisse
