2822 4540
660 267 699 327 41

95 487 172 554 Livii
195 485 292 552 verba
315 485 393 552 haec
416 493 506 552 sunt:
542 535 561 567 „
569 484 741 565 Themisto,
773 487 824 552 cui
845 485 974 553 Gelonis
995 525 1039 538 -
1062 511 1130 555 rem
1153 511 1261 556 consa·

96 617 216 675 cretam
246 627 363 693 paucos
396 614 466 692 post
498 603 562 671 dies
590 605 728 670 Aristoni
758 605 882 671 cuidam
912 608 1034 697 tragico
1062 612 1196 676 actori
1217 648 1262 660 -

93 729 221 793 incaute
251 725 385 814 aperit.’'
432 728 480 790 Ita
510 725 632 792 bivium
661 747 770 812 reapse
791 726 963 813 scripsisse,
994 726 1161 792 ostendunt
1187 751 1261 794 con·

95 847 197 913 festim
228 846 466 932 subsequentia:
497 843 601 927 „huic
622 855 654 911 et
675 868 776 934 genus
799 856 832 911 et
853 846 980 912 fortuna
1002 846 1131 913 honesta
1153 857 1260 928 erant,

94 989 154 1033 nec
173 989 242 1046 ars,
263 967 338 1053 quia
356 965 434 1031 nihil
454 963 516 1030 tale
535 963 619 1052 apud
630 964 766 1030 Graecos
778 963 891 1051 pudori
902 975 963 1046 est,
985 988 1022 1031 ea
1033 965 1260 1036 deformabat.”

137 1088 185 1152 De
214 1087 359 1153 Aristone
388 1084 570 1152 Atheniensi
599 1085 719 1149 musico
748 1083 794 1150 nil
827 1082 954 1152 aliunde
987 1096 1123 1165 constat,
1159 1109 1262 1173 neque

93 1206 169 1272 alibi
191 1206 331 1272 occurrit
351 1205 365 1269 ὃ
385 1204 546 1277 'Anausin
594 1204 717 1270 Patriae
738 1225 868 1283 nomen,
893 1204 977 1292 quod
999 1205 1175 1271 Demetrius
1196 1229 1262 1272 non

94 1335 276 1392 constanter
304 1347 463 1412 apponere
491 1323 610 1390 solebat
632 1333 688 1388 aut
708 1323 825 1409 potuit,
849 1325 987 1411 apposite
1007 1322 1059 1390 hic
1080 1324 1121 1390 ad
1142 1324 1261 1390 Aristo-

93 1469 168 1512 nem
200 1445 359 1510 rhetorem
389 1442 530 1508 additnm
557 1452 619 1522 est,
655 1453 686 1508 et
714 1465 797 1508 novo
821 1454 969 1530 certoque
991 1454 1180 1532 argumento
1202 1443 1261 1510 de-

94 1573 266 1642 monstret,
290 1586 348 1629 nos
369 1561 485 1628 habere
509 1563 658 1626 Demetrii
680 1563 831 1650 Magnetis
853 1563 1002 1630 intectam
1026 1586 1174 1630 manum:
1205 1587 1260 1652 ap-

93 1694 185 1771 paret
218 1683 302 1748 enim
336 1681 376 1746 ab
409 1681 553 1747 Alaeensi
576 1681 671 1769 longe
701 1680 858 1748 diversum
888 1706 953 1748 esse
987 1706 1059 1749 eum
1083 1682 1258 1763 rhetorem,

93 1827 191 1891 quern
209 1801 345 1879 Gerasa,
361 1824 401 1866 ex
419 1800 616 1887 Coelosyriae
635 1799 749 1887 oppido
771 1801 940 1867 oriundum
966 1801 1060 1868 fuisse
1084 1801 1261 1889 Stephanus

92 1923 171 2010 Byz.
197 1945 227 1990 v.
250 1921 375 2003 Γέράτκ
398 1945 438 1986 ex
459 1920 589 1987 Philone
612 1919 696 1986 dicit.
721 1919 809 1985 Philo
831 1942 930 2006 quum
949 1922 1026 1987 vixit
1047 1921 1173 1986 saeculo
1195 1921 1260 2007 pri·

92 2065 147 2108 mo
177 2051 210 2107 et
238 2041 337 2107 altero
367 2064 398 2127 p.
422 2039 495 2108 Chr.
525 2038 625 2130 (ltlull.
650 2042 682 2107 F.
707 2041 745 2105 H.
770 2035 826 2106 Gr.
849 2041 906 2108 Ill.
931 2039 1024 2128 574),
1049 2039 1143 2106 Gellii
1165 2039 1259 2106 fami·

92 2160 182 2226 liaris
213 2169 268 2226 aut
291 2159 479 2249 Agresphon
501 2170 558 2226 aut
581 2161 735 2248 Diogenes
757 2159 897 2224 Laertius
920 2171 974 2228 aut
996 2160 1182 2241 Simonides,
1206 2158 1260 2225 sed

90 2304 158 2347 non
188 2281 364 2346 Demetrius
393 2281 521 2370 Magnes
551 2305 591 2346 ex
620 2280 750 2346 Philone
776 2280 953 2347 Aristonem
984 2282 1195 2362 Gerasenum,
1226 2303 1260 2348 se

92 2399 195 2466 multo
216 2401 389 2480 iuniorem,
413 2424 502 2468 nosse
525 2401 634 2488 potuit.

570 2649 785 2706 ΑΡΚΑΔΙΑΙ.

136 2880 372 2967 Stephanus
393 2881 483 2969 Byz.
526 2880 616 2954 τόλις
642 2883 778 2964 Κρήτης,
812 2884 851 2956 ὥς
882 2883 988 2952 Esaias
1021 2884 1052 2947 ἐκ
1085 2891 1255 2965 Κρητικοῖς.

89 3001 115 3064 oi
140 3008 271 3067 τολῖτκι
286 3001 394 3081 ὁμοίως
410 2999 570 3083 Ἀρκάδες.
586 3003 761 3084 Δημήτριος
785 3003 816 3068 δὲ
831 3005 885 3068 οὐκ
899 3001 1056 3084 Ἀρκάδας
1070 3004 1126 3079 aba
1148 3001 1254 3076 πόλιν,

89 3120 167 3184 άλλ’
191 3118 359 3200 Ἀρκάδόκκ
389 3119 498 3201 φησίν·
528 3119 651 3192 εἰκότως
676 3121 729 3186 uui
755 3121 790 3186 τό
816 3121 926 3187 {laruda
951 3122 1070 3199 τκάτκς
1094 3121 1255 3204 Ἀρκάδες.
1376 3176 1380 3184 .

135 3239 215 3304 Cum
249 3237 406 3304 Demetrio
440 3241 592 3305 consentit
626 3240 745 3306 Plinius
777 3242 815 3305 N.
839 3242 877 3304 ll.
913 3243 1028 3306 XXXI.
1059 3243 1113 3308 30.
1137 3265 1168 3328 p.
1194 3243 1259 3310 103

89 3357 158 3444 Bip.
182 3367 214 3422 et
235 3355 329 3422 Plinii
352 3368 452 3424 aetate
474 3357 555 3425 illud
578 3359 727 3445 oppidum
750 3382 865 3426 nomen
892 3383 985 3426 suum
1015 3371 1150 3428 mutasse
1172 3362 1257 3430 vide-

90 3485 154 3542 tur.
186 3476 239 3566 (ef.
269 3475 371 3542 Paulii
400 3477 490 3543 Thes.
521 3501 550 3542 v.
574 3477 736 3568 Arcades).
762 3517 808 3530 -
830 3479 977 3566 Stephani
1007 3480 1103 3546 verba
1133 3480 1256 3556 εἰκότως

90 3591 140 3661 οὖν
161 3596 214 3660 nal
237 3597 272 3662 τό
295 3597 406 3662 ε’όντκόκ
428 3597 547 3674 ταύτης
563 3598 712 3680 Ἀρκάδες
736 3598 839 3665 labem
859 3610 1056 3667 contraxere:
1081 3600 1259 3688 Stephanus

90 3739 207 3783 nomen
230 3717 347 3806 gentile
372 3717 411 3782 ab
432 3718 583 3800 Ἀρκκδόκ
612 3718 747 3785 finxerat
775 3721 933 3786 Demetrio
955 3721 1139 3801 assentiens,
1170 3744 1258 3788 nune

91 3859 167 3904 vero
201 3859 258 3924 per
291 3836 407 3903 scribas
429 3839 457 3903 ei
480 3838 670 3926 obloquitur.
712 3839 817 3906 Codex
839 3841 1008 3909 Vossianus
1036 3839 1258 3930 Rhedigerano

91 3957 143 4025 hic
164 3958 293 4037 melior,
318 3981 377 4045 pro
399 3956 547 4040 Ἀρκάδες
570 3957 666 4025 habet
686 3959 874 4042 Ἀρκάδεός,
899 3959 954 4025 ubi
972 3959 1049 4025 latet
1066 3982 1141 4026 vera
1159 3962 1257 4049 scrip-

53 4063 55 4070 ’
92 4087 165 4144 tura
187 4077 380 4160 Ἀρκκδκεύς.
412 4078 478 4143 Hac
500 4077 602 4144 forma
623 4078 829 4158 restituenda,
855 4100 975 4146 morem
1000 4079 1140 4168 gerimus
1163 4079 1257 4146 etiam

95 4196 311 4265 consuetudini
337 4197 503 4285 Stephani,
534 4199 589 4286 qui
618 4199 720 4266 ε’όνικός
743 4221 876 4265 numero
898 4197 1050 4288 singulari
1081 4198 1257 4265 adscribere

95 4317 186 4398 solet,
211 4329 242 4386 et
259 4318 436 4407 Tryphonis
458 4322 570 4388 canoni
592 4344 611 4386 a
634 4320 794 4409 Stephano
812 4343 842 4389 v.
855 4318 972 4398 Ἀρυιά
986 4328 1122 4388 servato:
1147 4316 1255 4404 „loru
