2822 4540
660 271 702 336 49

96 491 225 559 fudisset
254 489 333 559 duos
362 492 515 581 Corycos,
546 515 621 560 nam
650 502 688 560 ut
709 494 833 562 monuit
853 495 1041 575 Salmasius,
1065 516 1124 582 pro
1146 496 1267 582 Coryco

93 610 299 702 Pamphyliae
318 613 401 680 male
424 614 550 682 Ciliciae
571 614 684 702 posuit.
721 615 863 683 Attalum
887 615 1040 694 alterum,
1065 613 1265 696 Φιλάδελφον

92 742 262 820 posteaque
281 733 493 812 Φιλοποίμενα
513 736 787 824 cognominatum,
808 734 932 802 duxisse
948 734 1105 800 coloniam
1124 734 1156 799 in
1168 735 1267 798 Pam·-

92 852 221 941 phyliae
243 854 402 940 Corycum
425 875 558 940 eamque
580 876 600 919 a
622 877 655 920 se
673 853 866 920 Ἀττοίλειαν
886 874 1012 922 vocasse
1030 865 1140 920 narrat
1154 853 1267 920 Strabo

93 996 125 1061 p.
144 973 228 1053 6673
253 972 292 1038 de
314 971 375 1039 hac
396 971 512 1038 Attalie
534 972 605 1039 vide
626 973 798 1041 Mullerum
821 975 854 1039 in
873 974 990 1062 Ceogr.
1010 975 1084 1041 Min.
1102 996 1132 1061 p.
1145 994 1267 1040 cxxxvr

95 1102 126 1157 et
155 1091 323 1161 aennon.
351 1091 437 1159 stad.
471 1093 565 1160 Maris
582 1093 689 1182 Magni
718 1117 749 1181 p.
769 1096 839 1160 *482
863 1103 895 1158 et
917 1095 982 1159 488
1006 1115 1111 1180 seqq.;
1149 1101 1266 1159 ceteras

94 1210 226 1279 Attalias
248 1210 405 1278 recensuit
426 1210 637 1278 Grotefandus
659 1213 691 1279 in
715 1212 817 1278 Paulli
838 1211 929 1280 Thes.
952 1213 978 1279 1.
1003 1235 1034 1298 p.
1057 1213 1132 1279 927.
1171 1227 1174 1234 ’

668 1427 702 1496 Β.

593 1609 771 1667 ΒΙΩΝΕΣ.

138 1813 344 1902 Diogenes
366 1813 400 1880 L.
425 1811 479 1880 58.
513 1811 667 1890 Γεγόνασι
691 1813 723 1878 δὲ
750 1811 858 1886 Βίωνες
881 1812 969 1879 δέκα·
998 1817 1114 1897 πρῶτος
1139 1813 1153 1878 ὃ
1174 1820 1265 1893 Φερε-

94 1930 170 2016 κύδρ
187 1933 231 2014 τῷ
253 1931 349 2015 Συρίῳ
371 1930 598 2010 σννακμοίσας,
622 1927 657 1998 οὗ
672 1932 802 2015 φέρεται
826 1933 946 2014 βιβλία
971 1934 1022 2000 δύο
1037 1931 1126 1999 'rabi
1151 1930 1267 1998 ἔστιδὲ

93 2051 322 2134 Προκοννήσιος.
347 2050 484 2134 δεύτερος
516 2051 720 2137 Συρακόσιος,
752 2053 871 2134 τέχνας
897 2052 1055 2136 ῥητορικὰς
1080 2051 1266 2134 γεγραφώς·

91 2171 196 2253 τρίτος
220 2172 314 2244 αὐτὸς
340 2166 438 2245 οὖτος·
462 2170 610 2254 τέταρτος
636 2172 856 2255 Δημοκρίτειος
881 2172 934 2238 καί
963 2171 1183 2253 μαθηματικὸς
1212 2173 1266 2235 Ἀ-

93 2290 256 2371 coaptem,
271 2290 389 2357 Ἀτθίδι
404 2295 577 2375 γεγραφὼς
590 2291 643 2358 καί
656 2291 743 2359 'Iolla
760 2287 846 2366 οὗτος
859 2297 975 2375 πρῶτος
992 2287 1168 2359 είσενείναί
1179 2313 1267 2363 τινας

92 2410 227 2486 οἰκήσεις
255 2408 327 2475 ἔνθα
350 2409 515 2490 γίγνεσθαι
533 2408 568 2490 ἓξ
590 2418 693 2492 μηνῶν
720 2412 777 2487 τὴν
799 2411 898 2478 νύκτα
926 2413 980 2478 καί
1006 2409 1041 2490 ἓξ
1061 2412 1117 2487 τίον
1140 2410 1268 2491 ἡμέραν.

92 2532 241 2611 σέμτσος
257 2530 393 2605 Σολεύς,
418 2532 582 2599 Αίίιοσικίο
593 2535 777 2616 γεγραφώς·
790 2529 877 2605 ἕκτος
893 2532 1062 2614 ρἰρτορικίς,
1086 2527 1121 2598 οὗ
1135 2529 1266 2613 φέρεται

93 2652 182 2718 ἐννέα
217 2649 337 2730 βιβλία
369 2658 500 2716 Μουσῶν
528 2650 785 2734 ἐπιγραφόμενα·
816 2647 947 2730 ἕβδομος
968 2652 1096 2731 μελικὸς
1121 2649 1264 2726 notantis·

92 2771 200 2852 ὄγδοος
223 2771 377 2846 Μιλήσιος
399 2769 662 2852 ἀνδριαντοποιός,
687 2766 722 2836 οὖ
742 2771 901 2850 μέμνηται
927 2771 981 2836 καὶ
1006 2770 1169 2850 Πολέμων·
1193 2768 1264 2834 ἕνα·

92 2915 147 2970 τος
175 2891 303 2967 τοιιρτίις
327 2890 503 2974 τραγῳδίας
527 2896 587 2955 τῶν
608 2897 770 2972 Ταρσικῶν
792 2889 981 2970 λεγομένοιν·
1005 2890 1133 2964 δέκατος
1156 2891 1266 2969 ἄγαλ-

93 3011 265 3090 ματοτοιίς
291 3007 499 3093 Κλαζομένιος
524 3009 541 3087 ἢ
566 3018 653 3086 Χῖος,
678 3006 713 3076 οὗ
733 3010 892 3090 μέμναται
916 3011 968 3076 καί
993 3011 1163 3089 Ἱιττῶναξ.

139 3136 275 3212 Πρῶτος·
321 3133 359 3197 In
385 3141 462 3199 noto
491 3130 561 3198 loco
579 3130 617 3197 de
640 3131 744 3209 furtis,
769 3154 864 3218 quem
882 3130 1025 3196 Clemens
1044 3129 1134 3196 Alex.
1148 3131 1264 3196 Strom.

95 3254 151 3321 VI.
186 3275 219 3339 p.
245 3250 309 3318 752
342 3250 382 3316 ab
414 3250 595 3317 Aristobulo
617 3250 734 3317 Iudaeo
757 3251 880 3317 furatus
898 3260 958 3330 est,
986 3249 1039 3341 (cf.
1059 3248 1171 3328 Cobet,
1191 3247 1268 3315 obs.

95 3371 171 3439 crit.
202 3371 235 3436 in
264 3371 403 3438 Platonis
428 3370 498 3438 rell.
529 3393 560 3458 p.
586 3371 627 3436 68
651 3371 752 3460 seqq.)
785 3372 864 3436 Bion
892 3370 1120 3437 Proconnesius
1149 3369 1265 3436 dicitur

95 3491 204 3557 Cadmi
232 3490 342 3558 Milesii
370 3490 513 3557 historias
539 3491 571 3556 in
601 3490 757 3578 epitomen
781 3467 946 3580 redegisse.
984 3490 1216 3558 Grafenhanins
1238 3492 1264 3558 Ι.

95 3633 126 3698 p.
151 3613 229 3676 318.
256 3610 287 3678 id
310 3610 491 3698 exemplum
514 3610 680 3698 antiquum
703 3634 777 3678 sane
800 3612 950 3698 epitomes
972 3611 1133 3680 faciendae
1156 3619 1263 3692 vocat;

96 3753 208 3798 verum
237 3730 316 3797 haec
345 3731 451 3796 Bionis
474 3753 600 3818 quoque
622 3730 757 3817 epitome
768 3730 949 3824 Aristobulo
971 3730 1177 3817 relinquenda
1188 3730 1265 3810 erit,

96 3873 196 3938 quum
225 3851 402 3916 Demetrius
423 3849 604 3915 Aristobulo
625 3850 783 3937 antiquior
804 3872 874 3916 eam
896 3851 1105 3939 ignoraverit,
1136 3849 1191 3937 qui
1213 3859 1265 3916 ta-

96 3994 170 4038 men
199 3971 233 4036 in
262 3970 406 4057 Menippo
439 3969 605 4060 (Diogenes
626 3972 681 4039 Vl.
708 3970 796 4059 101.)
825 3968 857 4034 id
886 3971 1006 4036 notavit
1030 3979 1061 4037 et
1082 3971 1265 4059 exemplum

97 4099 162 4157 tam
185 4091 322 4178 priscum
345 4089 399 4156 vix
421 4090 588 4166 omisissem
612 4099 773 4176 praeterea
795 4089 961 4177 Dionysius
984 4088 1265 4156 Halicarnassensis

97 4208 137 4275 de
159 4208 301 4297 Thucyd.
324 4209 431 4276 idiom.
445 4233 471 4276 c.
485 4212 529 4276 23
551 4216 703 4288 testatur,
727 4209 859 4296 scripta,
890 4231 972 4295 quae
994 4208 1053 4274 sub
1075 4207 1184 4274 Cadmi
1205 4209 1266 4272 Mi-

98 4328 165 4398 lesii
186 4329 314 4399 nomine
336 4328 532 4410 ferebantur,
556 4351 620 4396 non
643 4327 683 4395 ab
707 4327 851 4396 omnibns
868 4327 929 4395 fide
947 4327 1043 4418 digna
1066 4325 1171 4394 habita
1186 4347 1266 4406 esse,

1074 4447 1095 4510 4
