2848 4546
662 303 724 367 119

103 528 324 594 Erasistratum
351 528 487 593 maxime
519 548 611 592 usum
643 524 736 590 fuisse
760 548 798 590 ex
821 525 997 591 Erasistrati
1015 527 1136 614 scriptis
1159 529 1271 593 Deme·

103 647 182 713 trius
211 658 244 714 et
272 647 429 725 Calenus,
459 644 498 712 de
525 668 650 722 venaes.
681 643 751 711 adv.
782 647 867 712 Eras.
891 648 983 711 Rom.
1007 645 1078 735 dag.
1103 671 1130 714 c.
1156 649 1176 712 2
1200 647 1270 737 (XI.

105 768 181 834 197.
205 766 316 855 Kuhn)
339 775 570 855 cognoverant,
594 766 659 852 ipse
682 763 806 830 auditor
825 764 886 830 fuit
903 764 1063 853 popularis
1083 766 1130 831 sni
1150 765 1272 832 Eudoxi

102 885 214 955 Cnidii.
261 887 370 968 Quum
398 884 563 964 Eudoxus,
594 883 754 971 Archytae
783 883 954 971 discipulus
972 895 1003 950 et
1024 886 1089 972 ipse
1110 884 1271 973 Pythago-

103 1027 176 1072 reus
199 1005 296 1071 fuerit
314 1014 471 1091 atqueea,
496 1026 576 1091 quae
588 1011 677 1069 erant
696 1003 735 1068 de
758 1001 831 1082 diis,
855 1003 894 1069 de
920 1004 1056 1084 mundo,
1081 1003 1119 1070 de
1131 1003 1271 1070 coelesti-

102 1124 161 1190 bus
179 1124 389 1212 Chrysippum
408 1121 567 1202 docuerit,
597 1123 700 1210 (Diog.
724 1123 759 1190 L.
786 1124 869 1190 VIII.
897 1125 938 1188 86
952 1134 984 1189 et
1007 1124 1063 1213 89)
1078 1124 1270 1212 Chrysippus

101 1244 230 1310 Cnidius
258 1244 329 1309 iure
358 1243 495 1309 refertur
525 1243 607 1308 inter
637 1240 851 1330 Pythagoreos
883 1242 936 1332 (cf.
970 1243 1124 1332 Sprengel
1154 1243 1267 1310 Cesch.

12 1422 13 1448 ,
101 1362 158 1429 der
188 1363 285 1431 Arno.
308 1365 334 1431 1.
359 1362 451 1450 472).
495 1360 686 1427 lamblichus
711 1361 810 1449 igitur
837 1362 869 1426 in
899 1364 964 1428 vita
994 1361 1127 1451 Pythag.
1152 1365 1167 1447 §
1193 1363 1269 1427 267.

12 1483 13 1494 ²
100 1482 316 1570 Pythagoreos
334 1503 542 1560 enumerans,
562 1490 618 1546 aut
633 1480 749 1546 vitiosis
766 1479 853 1546 libris
870 1479 1019 1568 deceptus
1035 1482 1147 1560 fuerit,
1168 1503 1267 1568 quum

100 1600 251 1678 scriberet
273 1601 432 1682 Κορίνθιος·
462 1599 659 1682 Χρύσιππος,
690 1609 745 1666 aut
766 1600 849 1688 ipse,
875 1611 911 1666 ut
932 1611 1017 1667 certe
1039 1600 1187 1680 debebat,
1211 1599 1270 1666 de-

100 1720 183 1788 derit
205 1721 333 1795 Κνῶως·
354 1721 543 1803 Χρύσιππος.

149 1839 342 1928 Chrysippus
371 1840 451 1906 Cilix
482 1839 621 1905 medicus
651 1841 706 1927 qui
735 1839 866 1928 fingitur
891 1839 1022 1930 (Fabric.
1046 1842 1081 1908 B.
1105 1840 1161 1905 Gr.
1185 1842 1272 1907 XIII.

104 1961 179 2027 115.
204 1960 297 2026 Bahr.
318 1960 419 2026 Paulii
443 1959 533 2026 Thes.
562 1962 603 2026 11.
628 1960 726 2048 350),
751 1982 916 2046 nunquam
940 1959 1000 2025 fuit
1021 1971 1052 2025 et
1073 1983 1167 2027 nemo
1191 1959 1272 2026 alius

9 2081 11 2172 1
102 2086 166 2155 est,
202 2100 298 2163 quom
329 2078 521 2167 Chrysippus
548 2081 686 2158 Stoicus,
720 2079 804 2146 Solis
825 2081 857 2144 in
876 2080 1012 2156 ,Ciliciae
1044 2080 1142 2160 urbe,
1165 2089 1269 2147 natus.

102 2196 184 2259 Eum
215 2195 355 2263 Calenus
384 2196 488 2265 odiose
511 2177 637 2265 Cilicem
662 2199 844 2286 appellavit,
875 2197 961 2285 quod
991 2198 1074 2278 γένει
1097 2200 1151 2266 vix
1172 2195 1271 2266 Grae-

101 2336 157 2379 cus
176 2314 258 2402 ipsos
268 2316 419 2396 Graecos,
440 2319 557 2404 quasit
575 2314 608 2392 ὗς
624 2319 679 2393 rita
695 2320 844 2395 Ἀθηνῶν,
868 2316 1063 2384 dialecticam
1082 2319 1268 2386 verborum·

102 2455 165 2518 que
187 2433 463 2522 significationem,
496 2459 578 2524 quae
601 2438 722 2517 omnia,
747 2447 784 2502 ut
805 2447 935 2518 notum,
969 2438 1080 2505 Stoicis
1097 2440 1129 2505 in
1152 2438 1270 2505 deliciis

99 2563 208 2632 erant,
234 2553 345 2622 docere
368 2558 514 2625 voluerit.
539 2556 579 2623 cf.
603 2557 715 2626 Galen.
739 2559 823 2626 v111.
850 2557 929 2637 631,
955 2559 1019 2623 642
1043 2557 1091 2625 ed.
1115 2557 1224 2624 Kuhn.
