2822 4540
644 269 683 333 31

72 495 364 572 ἀγαλματοποιῶν,
389 499 420 556 et
442 512 534 576 saepe
553 488 660 556 laudat
679 490 880 562 Polemonem
900 495 930 558 ἐν
948 502 1012 566 τοῖο
1031 494 1103 574 πρὸς
1122 496 1245 566 Ἀδαῖον

71 612 125 676 καὶ
141 612 340 691 Ἀντίγονον,
366 636 384 678 a
406 635 470 697 quo
488 611 570 678 libro
589 633 653 676 non
676 610 816 680 diversus
840 610 950 689 fuerit,
976 625 1012 677 ut
1034 613 1154 699 opinor,
1187 616 1245 680 Po-

71 731 205 796 lemonis
227 731 270 797 τοὶ
294 731 367 812 πρὸς
389 730 566 810 Ἀντίγονον
590 731 657 812 περὶ
680 732 870 813 ζῳγράφων,
894 734 989 798 unico
1007 732 1077 800 loeo
1095 732 1135 798 ab
1151 734 1246 800 Athe·

71 873 153 916 naeo
176 874 207 937 p.
233 853 299 916 474
321 849 459 916 laudata.
484 850 609 936 (confer
627 852 751 917 Clinton
779 854 810 916 F.
828 854 867 916 H.
895 854 951 916 lll.
977 876 1007 938 p.
1032 854 1098 917 524
1120 876 1183 939 seq.
1207 853 1247 920 de
1361 851 1368 866 ‘

72 969 244 1037 Polemone
270 982 302 1036 et
330 970 437 1036 Adaeo
460 972 514 1036 Nl.
541 972 614 1038 119.
638 982 669 1035 et
695 972 781 1058 120.)
826 972 1020 1060 Antigonum
1044 984 1076 1038 et
1098 973 1158 1038 arti
1180 984 1246 1038 sta-

71 1091 195 1156 tuariae
226 1101 257 1155 et
288 1091 446 1176 picturae,
479 1091 652 1156 multorum
680 1091 815 1156 aliorum
838 1092 944 1172 instar,
973 1116 1100 1179 operam
1128 1092 1246 1160 dedisse

72 1209 195 1274 Plinius
225 1207 247 1274 l.
268 1209 289 1274 l.
313 1221 345 1274 et
367 1210 521 1298 Diogenes
544 1210 564 1278 l.
578 1210 599 1275 l.
624 1208 800 1280 ostendunt.
846 1213 950 1276 Patria
973 1213 1039 1277 eius
1061 1214 1242 1300 ignoratur3

73 1328 261 1415 prudentius
292 1353 386 1416 quam
415 1329 614 1407 Grafenhan,
645 1328 797 1396 Mullerus
818 1331 850 1394 F.
869 1332 907 1395 H.
931 1331 987 1395 Gr.
1007 1332 1064 1395 111.
1092 1333 1165 1396 132.
1188 1333 1243 1399 lv.

74 1451 151 1515 306.
176 1448 216 1514 ab
244 1475 282 1515 eo
304 1451 482 1539 segregavit
503 1450 716 1537 Antigonum,
749 1472 843 1535 quem
867 1452 897 1514 ἕν
921 1452 1119 1535 Μακεδονικῇ
1141 1474 1245 1531 περον-

75 1570 167 1646 γήσεο
192 1569 301 1634 laudat
323 1569 499 1656 Stephanus
521 1570 596 1656 Byz.
621 1593 650 1634 v.
674 1569 838 1647 Ἀβαντίς.

487 1817 829 1878 ΑΝΑΞΙΜΑΝΔΡΟῙ.

124 2057 153 2116 1.
178 2049 414 2116 Anaximander
437 2049 589 2150 Milesios,
613 2048 750 2117 Thaletis
771 2048 906 2120 auditor.

120 2172 324 2259 Diogenes
352 2172 386 2237 L.
418 2173 458 2236 11.
487 2171 517 2236 2.
565 2169 679 2248 Γέγονε
716 2170 747 2236 δὲ
782 2171 834 2236 καὶ
872 2170 970 2243 ἄλλος
1000 2171 1240 2254 Ἀναξίμανδρος

74 2290 245 2372 ἱστορικός,
271 2290 324 2356 καὶ
355 2291 448 2362 αὐτὸς
474 2292 649 2366 Μιλήσιος,
673 2300 712 2372 τῇ
736 2289 812 2356 'laiht
835 2291 1019 2373 γεγραφώς.
1055 2291 1142 2359 Vixit
1162 2302 1241 2358 tem-

74 2433 151 2497 pore
169 2411 352 2476 Artaxerxis
370 2412 542 2477 Mnemonis
564 2421 595 2476 et
616 2410 840 2496 Xenophontis.
864 2409 934 2475 vide
957 2410 1101 2478 Vossium
1126 2413 1162 2478 11.
1183 2412 1239 2482 Gr.

72 2553 105 2616 p.
130 2534 207 2596 373.
254 2529 368 2595 Huller
393 2531 426 2594 F.
450 2532 488 2593 H.
512 2529 568 2596 Gr.
592 2533 633 2600 11.
660 2531 713 2597 67.
761 2529 886 2599 Vossius
908 2529 997 2595 ineo
1019 2531 1135 2598 erravit
1157 2532 1242 2617 quod

73 2648 218 2714 crederet
245 2648 430 2716 Strabonem
462 2671 492 2734 p.
522 2659 542 2712 l.
565 2659 597 2714 et
618 2673 648 2736 p.
674 2652 692 2714 7
720 2650 753 2715 G.
785 2649 1056 2730 Anaximandrum
1085 2651 1240 2717 iuniorem

72 2769 264 2856 significare,
289 2767 374 2855 quod
392 2791 481 2834 secus
499 2792 564 2834 esse
586 2770 651 2855 ipse
673 2768 786 2835 Strabo
809 2793 839 2856 p.
860 2771 889 2838 7.
910 2768 1102 2836 demonstrat
1119 2770 1238 2836 dicens:

73 2889 338 2971 ,,Ἀναξο’ροοονδρο’ν
361 2913 397 2953 νε
422 2892 529 2954 Θαλοῦ
553 2888 710 2968 γεγονότα
734 2888 883 2970 γνώριμον
907 2888 959 2954 καὶ
984 2887 1150 2964 πολίτην.”

497 3137 809 3197 ΑΝΑΞΙΜΕΝΕΙΣ.

120 3372 149 3436 1.
174 3370 383 3434 Anaximenes
404 3368 556 3445 Milesius,
581 3368 808 3434 Anaximandri
830 3368 963 3434 auditor.

118 3490 321 3576 Diogenes
343 3487 377 3551 L.
401 3489 442 3552 11.
468 3491 499 3555 3.
523 3487 676 3565 Γεγόνασι
704 3489 735 3553 δὲ
759 3487 811 3552 καὶ
838 3485 931 3554 ἄλλοι
957 3489 1026 3562 δύο,
1052 3496 1240 3571 Λαμψακη-

72 3610 135 3682 νοί,
161 3610 256 3690 ῥήτωρ
276 3606 330 3671 καὶ
354 3607 521 3686 ἱστορικός,
547 3604 579 3680 ὃς
602 3608 745 3690 ἀδελφῆς
772 3608 834 3680 οἷὸς
859 3603 893 3681 ἦν
924 3613 977 3674 τοῦ
998 3610 1057 3682 τοὶς
1087 3609 1240 3688 ’Anates-

72 3729 140 3812 δροο
165 3726 293 3810 πράξεις
317 3727 529 3810 γεγραφότος.

117 3850 248 3914 Praeter
270 3847 326 3913 hos
343 3848 568 3927 Anaximenes,
593 3848 721 3914 aliunde
740 3848 812 3915 satis
830 3857 934 3926 notos,
959 3844 1043 3932 apud
1066 3845 1241 3914 Lucianum

73 3969 106 4032 in
119 3965 235 4034 Herod.
260 3991 287 4035 o.
312 3969 343 4034 4.
367 3967 449 4034 iuter
472 3967 616 4054 antiquos
637 3967 799 4034 historicos
822 3976 853 4032 et
875 3965 1042 4054 sophistas,
1067 3966 1120 4052 qui
1143 3968 1241 4034 Hero-

72 4085 140 4153 doti
162 4110 268 4167 more,
293 4086 417 4174 publice
440 4111 536 4174 opera
554 4110 611 4154 sua
629 4089 826 4167 recitassent,
851 4086 996 4174 Hippiam
1014 4084 1140 4164 Eleum,
1166 4085 1242 4150 Pro·

71 4207 180 4274 dicum
211 4210 327 4287 Ceam,
363 4217 395 4274 et
422 4209 538 4277 Polum
572 4209 833 4298 Agrigentinum,
866 4207 1004 4273 occurrit
1033 4205 1243 4276 Anaximenes

74 4327 181 4394 Chius.
204 4327 348 4408 Dudum,
373 4327 490 4417 absque
513 4330 671 4399 Demetrio
682 4331 836 4418 llagnete,
860 4325 1007 4394 viderunt
1028 4325 1115 4392 hune
1136 4325 1243 4393 homi-
