2822 4540
676 261 717 326 43

101 504 147 547 ac
172 490 295 560 noster,
320 489 357 548 nt
378 480 442 548 duo
465 480 567 549 valida
591 491 797 570 argumenta,
820 481 955 554 hominis
985 495 1070 552 aetas
1092 482 1279 550 drachmae-

101 623 175 686 que
198 601 309 669 Perire
338 600 503 680 evincunt,
536 601 618 672 male
645 612 679 672 ot
706 601 847 690 Silligius
880 604 912 668 G.
936 604 973 670 Α.
997 627 1028 690 p.
1054 604 1109 682 79,
1142 612 1173 672 et
1206 625 1280 672 enm

100 731 238 788 secunus
258 723 522 790 Westermannus
551 724 584 792 in
614 722 715 790 Paulii
738 723 826 793 Thes.
849 726 875 790 Ι.
902 749 933 812 p.
959 727 1041 804 676,
1073 729 1109 792 ut
1137 724 1280 811 plerique

99 861 221 906 omnes
247 842 403 909 rationem
432 841 597 920 ὁμωνύμων
628 842 661 911 io
691 841 829 930 Diogene
859 853 1057 914 servatorum
1078 845 1277 932 ignorantes,

99 981 169 1046 pro
202 983 269 1026 nno
300 959 381 1027 duos
414 959 577 1030 dederunt.
611 999 655 1016 «-
684 961 888 1050 Epigramma
922 963 1089 1033 Simonidis
1121 962 1215 1030 habet
1247 965 1279 1032 e't

99 1080 274 1167 Hnrtuug,
308 1079 500 1149 Gsdccdiscbe
522 1073 653 1167 ῑηνίΙιον
676 1081 729 1150 VI.
762 1081 792 1148 2.
816 1103 848 1167 p.
871 1084 954 1162 215;
987 1081 1039 1152 bic
1065 1081 1172 1150 Cobeti
1200 1083 1278 1150 Dio·

98 1198 198 1286 genis
220 1197 391 1267 editionem
413 1220 479 1266 non
502 1197 675 1268 adhibuisse
698 1197 840 1266 videtur:
865 1200 897 1268 in
921 1223 958 1266 es
979 1201 1064 1284 enim
1087 1199 1218 1289 legitur,
1242 1210 1279 1266 nt

99 1318 250 1406 Heynius
280 1327 311 1382 et
340 1317 497 1405 Bergkius
527 1328 745 1398 correxerant,
781 1320 856 1383 item
883 1317 987 1396 ἄξιος,
1024 1318 1109 1405 quod
1131 1321 1278 1408 Hartung

99 1436 210 1504 soluit
231 1459 290 1522 pro
312 1433 417 1514 ν’ὶξιονς
449 1435 535 1524 quod
558 1437 598 1506 ad
621 1437 752 1506 alteram
776 1439 842 1504 eius
867 1438 1093 1519 coniecturam,
1127 1461 1189 1526 qua
1218 1461 1277 1527 pro

99 1553 155 1638 ἄρ’
177 1555 194 1622 s‘
215 1556 325 1634 μισθὸν
349 1557 474 1646 reponit
495 1554 557 1638 ν’ἒροι
580 1558 706 1636 μισθὸς,
729 1557 849 1626 etiamsi
873 1557 994 1628 facilius
1016 1557 1065 1640 ἄρ’
1086 1558 1102 1622 ὁ
1124 1557 1276 1646 deprava·

100 1685 178 1743 tum
200 1684 280 1742 esset
300 1698 341 1744 cx
369 1673 433 1754 ἄρον
464 1697 559 1761 qnam
587 1685 697 1744 contra
716 1673 781 1757 ἄρον
805 1700 844 1744 ex
867 1675 916 1758 ἄρ’
939 1677 971 1752 ὁ,
997 1686 1102 1744 tamen
1125 1677 1277 1746 articulus

98 1797 158 1862 rix
182 1794 288 1862 abesse
310 1794 434 1880 poterit.

592 1981 789 2040 APTAKAI.

148 2153 383 2260 Stepbanus
405 2155 514 2239 Byz.:
546 2153 726 2234 Ἀρτοέκη,
759 2153 849 2226 πόλις
879 2153 1035 2236 Φρυγίοις,
1058 2153 1186 2228 ἄποικος
1209 2165 1272 2222 Μι-

98 2271 230 2349 λησίων.
268 2275 445 2356 Δημήτριος
476 2275 508 2340 δὲ
530 2273 628 2349 νησίον
657 2269 738 2339 sisai
759 2278 839 2356 φησι
862 2272 916 2352 sai
944 2274 1132 2354 Τιμοσθένης
1155 2273 1271 2358 λέγων·

98 2391 270 2474 „maedus
296 2395 470 2473 τοῦτομὲν
501 2392 563 2474 ὅρος
592 2392 657 2460 ἐστὶ
689 2399 745 2468 τῆς
777 2393 945 2476 Κυζικηνῆς
976 2393 1123 2462 τοῦτοδὲ
1153 2395 1272 2474 νησίον,

97 2511 165 2576 ἀπὸ
186 2519 246 2590 γῆς
267 2511 390 2592 οξοιέχον
411 2511 547 2576 στάδιον.
569 2510 653 2574 κοντοὶ
674 2517 763 2577 τοῦτο
777 2512 872 2590 λιμὴν
892 2511 1027 2593 ὑπάρχει
1048 2512 1148 2590 aaran
1164 2514 1270 2580 νοινσὶν

97 2632 178 2696 ὀκτὼ
202 2629 243 2718 (2)
270 2631 328 2698 ὑπὸ
360 2633 403 2714 τῷ
436 2633 571 2714 ἀγκῶνι,
606 2627 636 2696 ὃν
669 2637 751 2694 ποιεῖ
781 2630 817 2694 τὸ
847 2629 909 2712 ὅρος
940 2629 1068 2712 ἔχεσθαι
1095 2633 1271 2721 (Berkelius

97 2749 254 2840 ἔνηνστοι)
280 2756 334 2816 τοῦ
358 2748 544 2829 atriano?

142 2869 320 2938 Demetrius
348 2893 453 2957 neque
482 2868 694 2936 Timosthenes
722 2867 883 2956 negabant
911 2867 1005 2934 fuisse
1034 2869 1185 2956 oppidum
1207 2871 1268 2941 Ar-

96 2997 205 3069 tacen,
229 2989 284 3056 sed
301 2991 478 3058 accuratius
495 2989 592 3056 locuti
609 2988 641 3053 id
661 2988 822 3055 conditum
842 2988 935 3054 fuisse
954 2988 1099 3056 dicebant
1114 2992 1146 3056 in
1164 2991 1267 3060 insula

97 3107 254 3192 Ἀρσοὶκη,
280 3110 331 3178 cui
354 3111 550 3198 cognominis
571 3131 660 3176 mons
682 3108 874 3176 imminebat.
909 3106 996 3173 Idem
1020 3109 1115 3178 tradit
1133 3111 1264 3192 Strabo,

96 3238 153 3294 aut
181 3230 374 3296 Demetrium
405 3239 461 3296 eut
491 3239 526 3296 ut
551 3228 618 3307 hic,
649 3228 880 3296 Timosthenem
915 3238 1049 3295 secutus.
1096 3229 1209 3296 Strabo
1231 3254 1263 3318 p.

96 3347 161 3414 576
184 3350 243 3430 ,,ε’ν
270 3349 373 3431 σκύτη
401 3349 432 3416 δὲ
454 3359 493 3431 τῇ
516 3348 596 3429 νήσῳ
619 3353 678 3413 τῶν
710 3348 880 3430 Κυζικηνῶν
908 3347 970 3429 ὅρος
997 3347 1080 3415 ἐστὶν
1113 3347 1263 3432 εὔδενδρον

92 3467 250 3550 Ἂοσοίκη,
286 3469 339 3534 sai
378 3468 476 3544 νησίον
508 3467 663 3546 ὁμώνυμον
695 3466 855 3548 σρόκειτοιι
890 3465 1034 3534 τούτου.”
1070 3477 1102 3533 et
1134 3491 1165 3556 p.
1197 3471 1261 3536 582

93 3588 251 3670 ,,Εὕδοξος
272 3589 303 3654 δὲ
325 3589 388 3654 sind
403 3586 544 3670 Hordnov
568 3586 621 3654 κοοὶ
636 3587 792 3668 Ἀρτάκης
812 3592 866 3652 τοῦ
889 3589 920 3652 ἕν
940 3597 979 3670 τῇ
996 3588 1166 3671 Κυζικηνῶν
1182 3591 1261 3671 κη’σῳ

92 3708 234 3790 χωρίου
264 3707 458 3790 οὶντοοίροντος
482 3709 524 3790 τῷ
550 3706 678 3789 Hortinos
703 3706 770 3796 (την
796 3709 896 3789 οὲρχην
921 3715 1055 3772 noreiam
1077 3715 1134 3781 τῆς
1149 3705 1258 3788 Trosi-

93 3827 190 3916 δος).”
226 3829 272 3893 De
293 3828 408 3894 Artace
429 3826 499 3894 vide
529 3825 757 3893 Grotei'endum
789 3827 822 3892 in
845 3826 946 3892 Paulii
971 3827 1061 3894 Thes.
1090 3849 1119 3895 ν.
1143 3828 1259 3894 Artace

92 3957 122 4013 et
142 3947 350 4036 Forbigerurn
368 3948 409 4014 ΙΙ.
429 3969 460 4034 p.
481 3947 544 4014 129
555 3970 589 4014 n.
603 3947 662 4028 993
688 3955 821 4032 uterque
838 3957 925 4012 recte
939 3944 1030 4026 dicit,
1048 3946 1255 4028 Strabonem,

92 4067 142 4136 cui
175 4067 271 4139 addas
304 4067 534 4140 Timosthenem
568 4078 599 4133 et
631 4067 824 4137 Demetrium
852 4067 1030 4154 Magnetem
1058 4076 1089 4134 et
1117 4065 1255 4134 Plinium

91 4188 127 4258 lt.
140 4191 179 4258 Η.
203 4191 233 4259 V
256 4191 299 4260 40
322 4213 353 4277 p.
367 4188 431 4256 350
450 4191 537 4277 Rip..
563 4186 681 4260 idcirco
700 4207 767 4256 non
791 4183 831 4254 de
852 4185 932 4254 urbe
954 4184 1082 4270 Artace,
1103 4182 1159 4252 sed
1180 4191 1254 4254 ten-

92 4317 156 4374 tum
187 4307 226 4375 de
255 4308 357 4376 insule
381 4319 536 4398 portuque
559 4306 701 4374 locutum
725 4328 806 4385 esse,
829 4305 904 4391 quia
927 4303 1002 4371 urbs
1024 4302 1107 4372 bello
1129 4303 1253 4373 Persico
