2822 4540
704 275 724 337 4

132 497 306 579 maveteus
340 497 506 575 evincunt,
541 494 618 562 dum
648 495 757 562 Cicero
793 494 860 561 eius
896 495 1068 581 superstitis
1103 497 1299 564 meminerat.

131 617 299 683 Terminus
331 616 436 704 quoad
468 624 602 683 aetatem
631 638 721 682 suam
749 615 926 682 Demetrius
953 613 1139 702 produxerit
1168 616 1230 683 iam
1262 640 1302 684 ex

132 735 281 823 Dionysio
310 737 507 823 aliquatenus
538 737 684 802 constitui
714 746 832 823 posset,
862 736 922 801 nisi
947 735 1071 812 lateret,
1096 735 1224 823 quando
1252 736 1304 803 hio

133 879 190 922 sua
223 856 262 922 de
288 856 446 922 Dinaroho
476 867 643 942 ceteraque
673 855 829 921 rhetorica
860 854 1006 936 ediderit3
1042 854 1141 944 vulgo
1175 856 1304 943 quidem

132 988 204 1042 ante
226 977 435 1062 Antiquitates
463 978 639 1054 Romanas,
671 999 751 1061 quae
777 977 810 1040 in
839 975 1025 1042 editionibus
1051 987 1304 1064 postponuntur,

133 1098 308 1182 conscripta
326 1119 392 1161 esse
409 1104 571 1181 putantur.
596 1094 728 1184 (Fabric.
753 1095 789 1160 B.
808 1095 865 1162 Gr.
882 1096 907 1161 Ι.
923 1097 997 1163 783.
1011 1095 1059 1162 ed.
1075 1097 1138 1164 1⁸⁶.
1156 1096 1197 1165 cf.
1221 1098 1307 1164 Bahr

132 1217 165 1282 in
188 1217 290 1283 Paulii
312 1216 402 1283 Thes.
422 1217 463 1284 11.
483 1238 513 1283 v.
530 1217 621 1283 Dion.
645 1215 742 1305 Hal).
767 1216 804 1281 ln
824 1215 1015 1302 praefatione
1037 1216 1078 1283 ad
1096 1218 1308 1304 Antiquitates

134 1339 294 1402 Romanas
323 1337 360 1426 (l.
387 1335 440 1426 T),
469 1359 565 1424 quam
596 1358 691 1423 opere
718 1335 758 1401 ad
785 1335 880 1402 finem
906 1336 1059 1424 perducto
1081 1337 1203 1424 scripsit
1221 1360 1308 1404 anno

135 1457 267 1543 septimo
296 1466 369 1520 ante
398 1455 471 1522 Chr.
495 1478 547 1535 n.,
572 1464 704 1522 testatur
730 1479 762 1520 se
785 1454 907 1520 duobus
929 1466 960 1521 et
984 1456 1094 1544 viginti
1117 1457 1208 1522 annia
1234 1469 1309 1523 ante
1371 1477 1372 1560 ᾗ

137 1575 201 1665 (01.
217 1578 291 1642 187.
305 1574 338 1664 3)
365 1576 486 1641 venisse
507 1578 659 1655 Romam,
684 1598 722 1641 eo
745 1575 874 1643 consilio
897 1586 933 1640 ut
943 1575 1067 1640 Latinas
1079 1575 1198 1643 litteras
1209 1575 1310 1643 disce·
1371 1567 1372 1590 i

134 1707 201 1774 ret,
226 1718 382 1782 omneque
400 1693 431 1760 id
451 1695 601 1782 temporis
619 1696 754 1782 spatium
774 1696 861 1782 operi
879 1695 918 1762 de
936 1696 1010 1763 Ant.
1028 1697 1123 1763 Rom.
1144 1695 1310 1763 condendo

136 1825 167 1881 et
197 1815 422 1882 conscribendo
451 1814 648 1903 impendisse.
686 1816 776 1881 Bello
805 1817 904 1904 igitur
934 1815 1018 1880 civili
1044 1817 1215 1903 composito
1234 1816 1312 1883 adiit

135 1939 269 2002 Romam
303 1937 371 2046 (29
387 1958 405 2001 a
432 1935 479 2025 C.)
520 1959 620 2023 quum
651 1957 772 2002 annum
802 1935 911 2001 aetatis
940 1936 1122 2002 vicesimum
1157 1947 1309 2024 quartum

138 2056 319 2143 expleverat
314 2031 439 2146 (ilion.
457 2055 526 2152 Mal.
540 2057 580 2122 11.
597 2056 626 2122 6.
645 2054 715 2121 vide
731 2055 900 2122 Dodwell'
891 2079 923 2121 m
940 2033 1030 2123 Ilion.
1047 2055 1117 2123 Hal.
1132 2056 1181 2124 ed.
1185 2057 1313 2124 Rem

141 2176 213 2245 Vol.
236 2177 263 2243 Ι.
286 2198 317 2262 p.
342 2149 552 2264 auditaque
575 2175 800 2276 ωνν1ε59ω.(].
822 2185 934 2266 natus,
958 2199 1039 2262 puer
1060 2176 1111 2243 vel
1130 2175 1314 2244 adolescens
1372 2179 1373 2254 l

142 2295 299 2364 Ciceronis
320 2296 532 2382 Demetriique
553 2267 696 2382 tempora
724 2295 871 2384 attigerit
917 2298 1031 2362 Utrum
1054 2296 1221 2385 Dionysius
1242 2321 1315 2364 om·

134 2416 188 2482 nia
210 2414 369 2481 rhetorica
391 2437 448 2480 sua
471 2425 544 2480 ante
567 2415 609 2479 99
629 2413 855 2495 Halicarnassi,
879 2437 919 2481 an
932 2426 1053 2502 partem
1073 2439 1184 2482 eorum
1203 2427 1314 2504 postea

134 2537 255 2601 Romae
277 2533 510 2619 conscripserit,
537 2555 649 2619 parum
674 2532 790 2619 liquet,
815 2557 917 2621 neque
941 2557 981 2599 ex
992 2558 1029 2600 eo
1037 2534 1108 2601 elici
1120 2545 1221 2622 potest
1231 2549 1313 2622 quot

136 2655 227 2720 annis
253 2664 326 2719 ante
350 2654 392 2718 29
416 2653 592 2719 Demetrius
623 2654 679 2727 rhu
700 2655 769 2736 περὶ
800 2661 859 2720 τῶν
888 2655 1056 2734 ὁμωνύμων
1078 2656 1311 2736 πραγματείαν

137 2772 285 2854 ediderit,
315 2773 398 2839 hanc
427 2796 503 2839 vero
532 2783 603 2861 post
631 2773 792 2839 Actiacam
823 2795 964 2863 pugnam
995 2797 1060 2839 non
1095 2773 1244 2861 prodiisse
1278 2788 1313 2842 et

138 2894 287 2960 Demetrii
299 2904 383 2958 aetas
394 2903 426 2959 et
436 2916 517 2980 quae
529 2901 698 2980 supersunt
709 2893 889 2981 fragmenta
900 2893 1125 2960 demonstrant.
1149 2895 1195 2959 Ne
1196 2897 1313 2988 patria
1373 2959 1374 2982 ,

140 3012 282 3100 quidem,
311 3035 375 3100 qua
397 3015 574 3080 Demetrius
589 3017 717 3102 Magnes
740 3036 815 3079 usus
839 3023 898 3093 est,
928 3025 1014 3080 certo
1036 3013 1168 3081 indicari
1190 3025 1310 3100 potest,
1373 3003 1374 3078 ζ

140 3153 235 3198 causa
257 3142 303 3197 est
324 3133 390 3219 ipsa
412 3132 468 3199 illa
489 3132 529 3197 de
552 3155 616 3219 qua
638 3134 764 3199 iamiam
786 3133 846 3199 erit
864 3133 1022 3222 agendum
1043 3133 1221 3216 ὃμωννμ1α;
1247 3145 1314 3202 tres

140 3253 223 3317 enim
248 3253 461 3340 Magnesiae
452 3275 485 3318 1n
515 3252 645 3339 antiqua
674 3253 869 3342 geographia
899 3263 1088 3330 occurrunt,
1113 3252 1194 3320 duae
1216 3254 1314 3321 urbes

141 3371 232 3436 Asiae
253 3373 394 3452 Minoris,
425 3373 518 3438 tertia
540 3371 716 3470 Thessaliae
746 3374 852 3462 regio;
882 3372 965 3438 hanc
991 3382 1114 3459 partem
1135 3373 1315 3440 Thessaliae

143 3492 236 3558 fuisse
259 3512 372 3579 agrum
395 3500 427 3556 et
438 3514 638 3578 ,perperam
661 3490 736 3557 olim
760 3491 885 3556 tertiam
906 3492 1018 3557 urbem
1041 3493 1231 3580 Magnesiam
1256 3515 1313 3558 ex

143 3613 312 3700 cogitatam
333 3609 425 3676 fuisse
444 3609 578 3677 ostendit
595 3609 784 3675 Niebuhrius
806 3611 846 3699 (V
848 3620 973 3699 ortruge
991 3610 1071 3676 uber
1090 3609 1152 3676 alte
1170 3609 1314 3678 Laudar-

143 3729 210 3796 und
237 3728 388 3798 Volkerk.
419 3751 451 3815 p.
478 3727 568 3818 169).
614 3730 661 3793 Ex
684 3738 756 3794 utra
784 3730 960 3817 Magnesia,
991 3740 1101 3795 utrum
1130 3730 1248 3796 axilla
1270 3732 1313 3798 ad

144 3848 347 3917 Maeandrum
367 3871 408 3914 an
431 3872 471 3914 ex
495 3847 594 3914 altera
617 3847 657 3913 ad
680 3846 826 3934 Sipylum
849 3849 906 3914 sita
933 3848 985 3939 (de
1006 3848 1164 3916 Thessalia
1185 3849 1314 3918 hicnon

40 4031 41 4034 ,
146 3968 362 4060 cogitandum)
394 3968 569 4035 Demetrius
591 3967 745 4034 oriundus
774 3966 870 4034 luerit
899 3967 981 4034 forte
1003 3978 1159 4036 constaret
1181 3970 1206 4036 si
1228 3971 1315 4037 inte·

40 4115 41 4148 ÷
146 4113 241 4179 grum
271 4111 350 4176 opus
379 4089 447 4172 arpi
479 4089 646 4169 ὁμωνύμων
679 4099 862 4176 superesset.
909 4090 1016 4156 Posses
1039 4088 1091 4155 hic
1113 4091 1251 4178 cogitare
1274 4089 1316 4156 de

40 4287 41 4292 γ
146 4211 303 4300 Magnesia
315 4207 355 4274 ad
365 4207 587 4288 Maeandrum,
611 4230 693 4296 quae
715 4207 816 4275 altera
834 4208 930 4299 longe
949 4207 1115 4291 celebrior,
1135 4207 1317 4276 Themisto-

147 4330 203 4397 clis
226 4330 370 4415 μετοικίαν
401 4340 432 4397 et
461 4328 709 4417 splendidissimo
737 4330 855 4397 Dianae
884 4329 1003 4420 templo
1033 4329 1198 4411 inclaruit,
1222 4329 1316 4396 sicuti
