2848 4546
740 274 779 338 76

183 501 351 568 Eusebium
382 498 441 564 hoo
471 520 603 563 narrare
631 495 704 562 dicit
734 519 773 562 ex
796 497 969 574 Numenio,
999 505 1031 563 et
1053 495 1188 563 eundem
1212 519 1359 563 errorem

184 623 321 702 erravit,
357 620 397 686 ob
430 642 525 705 quem
547 617 746 684 Bruckerum
769 616 977 706 castigaverat
1009 616 1275 706 Wyttenbachius
1303 618 1362 705 (de

184 744 311 808 Panaet.
336 765 366 828 p.
393 738 488 828 157),
514 737 678 804 ostendens
706 736 819 803 Arium
850 736 1040 824 Didymum,
1071 736 1126 802 sed
1149 761 1214 803 non
1236 739 1364 804 Nume-

183 863 272 927 nium
297 861 337 927 ab
359 859 492 925 Eusebio
514 857 648 923 laudari.

228 980 335 1056 ἕκτος,
361 981 463 1062 ἰατρὸς
480 978 684 1061 Ἡροφίλειος.
727 981 808 1043 Eum
827 977 969 1044 Galenus
989 977 1360 1069 (711173636113113)

183 1101 299 1174 οὐδενὸς
331 1099 469 1180 δεύτερον
500 1105 559 1164 τῶν
587 1097 788 1181 Ἡροφιλείων
816 1096 906 1178 dicit3
940 1109 1018 1162 natu
1049 1099 1152 1165 maior
1185 1097 1361 1166 Heraclida

183 1220 352 1285 Tarentino
386 1217 510 1309 (Galen.
540 1219 640 1287 XVII.
671 1226 699 1281 A
733 1217 796 1282 619
820 1215 875 1305 K.)
902 1225 934 1281 et
955 1217 1141 1283 Aristoxeno
1164 1218 1362 1305 Herophileo

185 1339 269 1432 (Gal.
292 1342 379 1409 VIII.
404 1341 468 1406 738
491 1337 566 1428 K),
590 1337 686 1423 ipsius
706 1336 869 1423 Herophili
888 1336 947 1402 fuit
967 1337 1150 1425 discipulus.
1170 1339 1209 1404 cl.
1229 1338 1357 1404 Fabric.

182 1462 219 1528 a.
243 1460 300 1528 cr.
324 1461 411 1526 xm.
437 1459 519 1536 454,
551 1455 723 1545 spange,
755 1439 870 1524 cisen.
893 1456 951 1522 uer
973 1458 1068 1524 arzn.
1093 1460 1118 1524 1.
1139 1481 1170 1544 p.
1197 1457 1274 1527 590.
1312 1461 1361 1523 ne

184 1580 244 1646 hoc
274 1578 394 1645 medico
423 1589 455 1643 et
485 1576 524 1642 <le
553 1576 761 1663 subsequente
790 1567 1016 1670 grammatico,
1048 1579 1174 1644 Zenone
1207 1579 1359 1666 Myndio,

184 1709 269 1766 recte
296 1699 449 1785 scriptum
480 1708 525 1762 est
552 1695 636 1784 apud
665 1697 846 1785 Menagium
878 1695 971 1763 adh.
997 1697 1038 1777 1.,
1064 1699 1119 1785 qui
1141 1722 1198 1765 sua
1220 1699 1363 1772 habebat

140 1813 141 1821 ¹
185 1844 224 1885 ex
243 1817 426 1886 Casaubono
449 1826 480 1882 et
503 1817 607 1882 lonsio
632 1817 655 1882 I.
677 1839 707 1902 p.
734 1816 809 1883 139.

230 1941 315 2005 Zeno
337 1937 548 2016 leodicensis,
573 1937 687 2018 ῥήτωρ,
713 1937 768 2021 qui
791 1935 928 2002 hicnon
952 1937 1065 2003 visitur
1090 1936 1216 2026 (Strabo
1238 1961 1270 2025 p.
1288 1939 1359 2005 578

185 2067 217 2125 et
240 2057 316 2148 660)
342 2057 551 2136 demonstrat,
575 2077 639 2121 non
662 2055 764 2122 solum
788 2056 889 2122 nosin
911 2057 1058 2124 Demetrii
1081 2057 1248 2137 ὁμωνύμων
1272 2071 1362 2126 cata·

186 2179 266 2266 logis
284 2178 416 2256 versari,
440 2175 493 2242 sed
515 2175 597 2241 idem
623 2175 757 2241 disertus
780 2177 865 2241 testis
883 2189 945 2256 est,
970 2201 989 2242 a
1008 2179 1168 2244 Demetrio
1187 2201 1239 2244 eos
1261 2178 1360 2245 fuisse

185 2299 419 2386 praetermissos
446 2305 501 2363 aut
527 2297 704 2384 ignoratae,
736 2297 790 2382 qui
812 2294 852 2362 ad
874 2319 1016 2385 pugnam
1041 2299 1200 2392 Actiacam
1220 2309 1359 2366 aetatem

187 2440 277 2484 suam
299 2416 528 2504 produxerunt.
681 2411 682 2416 ’

230 2537 354 2618 ὄγδοος,
380 2539 531 2609 Σιδώνιος.
582 2535 623 2600 De
645 2558 683 2600 eo
705 2534 775 2601 vide
797 2534 837 2600 ad
861 2536 1013 2615 Διότιμοι.

232 2658 325 2725 Solus
354 2656 465 2722 Suidas
493 2654 587 2721 habet
616 2657 774 2721 Zenonem
805 2655 974 2741 quemdam
1000 2654 1181 2732 Sidonium,
1209 2658 1357 2739 Diodori,
1412 2635 1413 2688 l

187 2779 281 2845 Croni
304 2777 402 2866 vulgo
421 2775 494 2840 dicti
514 2774 640 2866 (Strabo
661 2775 742 2854 658,
763 2775 861 2863 838),
885 2775 1092 2862 discipulum,
1117 2788 1357 2864 praeceptorem

187 2898 322 2962 Zenonis
344 2896 499 2975 Citiensis,
531 2896 708 2960 Stoicorum
734 2895 891 2992 principis.
916 2896 1043 2964 Vossius
1058 2899 1096 2962 H.
1109 2897 1165 2964 Gr.
1179 2922 1208 2984 p.
1225 2902 1287 2963 141
1301 2903 1358 2966 W.

187 3018 319 3085 miratus
341 3026 406 3093 est,
430 3017 523 3081 istum
547 3017 705 3079 Zenonem
729 3014 893 3081 Sidonium
916 3018 1056 3082 Stoicum
1071 3019 1202 3106 Diogeni
1214 3020 1356 3100 Laertio,

186 3147 223 3204 ut
245 3136 392 3204 credebat
420 3136 563 3213 Vossius,
604 3134 757 3200 indictum
785 3160 866 3215 esse,
899 3147 931 3203 et
952 3137 1036 3204 idem
1059 3137 1153 3217 vidit,
1179 3162 1275 3224 quam
1299 3140 1355 3205 ab·

188 3257 282 3323 surde
312 3266 412 3322 sectae
445 3255 565 3320 Stoicae
595 3255 738 3321 conditor
772 3255 896 3348 dicatur
928 3281 1003 3323 usus
1030 3257 1124 3324 fnisse
1155 3273 1358 3347 praeceptore

188 3379 307 3456 Stoic03
332 3375 364 3440 id
387 3375 443 3440 etsi
464 3398 528 3440 non
552 3375 785 3460 concoquebat,
810 3386 914 3441 tamen
935 3377 967 3441 in
987 3401 1025 3442 eo
1043 3378 1259 3464 acquiescebat
1277 3383 1356 3450 Vos·

187 3498 266 3578 sius3
299 3497 373 3562 item
403 3495 575 3561 haerebant
604 3497 726 3560 lonsius
750 3497 774 3559 I.
798 3519 829 3581 p.
856 3497 918 3562 139
945 3507 976 3561 et
1006 3497 1157 3564 Mulierus
1183 3500 1215 3563 F.
1238 3503 1275 3566 Η.
1300 3502 1357 3566 Gr.

156 3689 157 3694 .
186 3620 244 3683 III.
263 3618 338 3683 174.
373 3617 487 3681 Contra
506 3616 865 3702 recteWagenmannus
883 3616 915 3680 in
932 3615 1034 3682 Paulii
1053 3616 1142 3682 Thes.
1156 3620 1211 3682 VI.
1225 3641 1256 3704 p.
1269 3621 1356 3687 2833

188 3738 361 3824 suspicatus
384 3745 445 3815 est,
470 3736 628 3800 Zenonem
652 3735 746 3799 istum
770 3733 933 3802 Sidonium
958 3737 1096 3802 Stoicum
1120 3761 1159 3803 ex
1181 3737 1272 3804 nullo
1296 3740 1358 3807 alio

188 3858 308 3925 nisiex
338 3855 433 3922 Suida
467 3867 555 3941 patre
581 3855 724 3944 genitum
748 3854 858 3934 fuisse,
890 3856 946 3941 qui
976 3859 1134 3922 Zenonem
1165 3859 1355 3946 Epicureum

189 3977 352 4044 Sidonium
383 3986 414 4041 et
436 3977 595 4040 Zenonem
626 3976 810 4040 Tarsensem
833 3976 990 4055 Stoicum,
1021 3975 1181 4042 interdum
1200 3988 1232 4042 et
1254 3979 1355 4065 ipsum

188 4096 268 4164 falso
298 4095 461 4161 Sidonium
484 4093 621 4172 dictum,
645 4093 844 4162 confudisset.
891 4096 976 4162 Haec
998 4096 1041 4162 ita
1063 4121 1096 4162 se
1118 4097 1252 4176 habere,
1277 4121 1356 4164 con-

188 4215 295 4282 firmat
316 4214 484 4280 auctoritas
502 4215 652 4280 Demetrii
669 4217 841 4304 Magnetis,
867 4239 929 4304 qua
950 4216 1075 4305 quidem
1093 4220 1357 4308 Wagenmannus

189 4356 254 4401 non
278 4309 351 4402 usus
374 4343 436 4414 est,
465 4344 575 4401 contra
604 4335 637 4399 in
667 4333 759 4401 simili
791 4358 825 4402 re
848 4337 976 4427 egregie
999 4361 1075 4404 usus
1096 4347 1143 4404 est
1163 4339 1358 4426 Wyttenba-
