2822 4540
218 540 258 601 Te
286 540 462 602 Clarissimo
483 540 589 616 Bsxc,
615 547 843 623 praeceptorem
871 561 917 603 me
947 562 1062 625 quoque
1089 546 1211 604 nactum
1233 539 1334 621 fuisse

167 691 351 754 summopere
378 672 496 755 paudeo
526 677 554 733 et
578 673 773 753 arctissimus
802 676 947 736 anemoria
973 676 1086 751 recolo,
1117 695 1189 738 nom
1218 680 1247 736 et
1275 676 1335 758 ipse

168 809 310 884 oupertus
332 825 417 882 sum,
448 810 558 888 quanto
587 806 698 869 ardore
722 809 863 871 iuuenum
887 810 1002 871 animos
1028 809 1070 871 ad
1095 810 1209 894 optima
1236 808 1336 870 studio

169 938 326 1016 incendere
346 945 518 1024 quantoque
540 942 678 1002 comitate
701 961 750 1003 eos
774 925 912 1024 occipere
935 963 994 1005 non
1016 943 1146 1008 desinas.
1196 926 1336 1018 Utinam,

169 1076 383 1168 utprotorum
409 1075 682 1158 condiscipulorum
709 1075 808 1138 uerbis
840 1076 908 1139 utu
936 1077 1131 1159 optabamus,
1168 1078 1214 1140 Pu
1242 1097 1338 1153 nnnc,

170 1208 303 1269 emeritis
330 1209 463 1271 muneris
495 1209 667 1291 stipendiis,
697 1230 758 1292 per
786 1213 906 1294 tonpam
934 1213 1218 1275 annorumseriem
1243 1212 1339 1274 Litte-

171 1363 280 1405 rorum
302 1348 330 1405 et
358 1345 544 1406 Academiae
565 1345 655 1406 decus
678 1363 713 1407 ac
729 1348 959 1429 firmamentum
982 1365 1114 1408 moneas.

220 1478 288 1540 utu
322 1479 499 1540 Clarissimo
527 1477 616 1541 Dozc
644 1497 703 1540 nou
730 1481 831 1542 minus
861 1481 996 1542 sinceras
1021 1500 1113 1563 quam
1142 1477 1257 1540 debitas
1288 1499 1342 1561 apo

169 1610 307 1692 pratios,
341 1611 383 1673 ad
413 1611 620 1673 dulcissimum
648 1613 728 1675 illud
750 1612 985 1695 quadriennium
1012 1614 1176 1694 respiciens
1183 1661 1193 1690 ,
1224 1632 1285 1696 quo
1314 1614 1343 1673 iu

172 1744 358 1806 Academiae
384 1745 450 1806 tuce
477 1744 619 1826 depebom
642 1749 670 1806 et
700 1746 782 1808 fluas
802 1747 940 1808 lectiones
961 1764 1079 1806 summo
1101 1763 1169 1806 cum
1192 1744 1344 1827 aotuptote

165 1876 415 1959 frequentabam.
466 1879 511 1939 Pu
536 1897 651 1961 quoqne
677 1898 736 1940 nou
764 1879 944 1961 dedipuotus
958 1878 1057 1961 fuisti
1083 1880 1116 1941 iu
1133 1877 1345 1960 familiarita-

172 2014 231 2071 tem
262 2012 358 2074 Tuam
377 2031 423 2074 me
446 2013 619 2088 admittere,
642 2017 671 2074 et
689 2018 723 2075 nt
739 2033 856 2090 omnes,
880 2014 932 2097 qui
959 2015 1000 2075 Te
1023 2017 1203 2096 copuorunt,
1226 2032 1282 2096 epo
1308 2015 1346 2075 Te

173 2145 325 2225 suspicere
355 2149 383 2205 et
415 2144 541 2228 ditipere
571 2146 684 2220 didici,·
715 2152 860 2230 quaatum
890 2166 1022 2210 amorem
1050 2147 1209 2209 Historiae
1229 2149 1347 2210 studio-

176 2297 263 2355 rum,
296 2279 329 2340 iu
358 2279 467 2363 quibus
500 2281 545 2343 Tu
569 2300 696 2364 repuos,
731 2283 777 2343 Tu
797 2283 873 2344 mitti
899 2283 1070 2364 impertitus
1094 2283 1151 2357 sis,
1173 2300 1253 2344 nunc
1279 2285 1348 2364 qui-

176 2413 243 2476 dem
266 2413 367 2476 uerbis
393 2415 567 2500 sipniytcore
593 2414 807 2497 supersedebo,
831 2419 939 2498 posteo
955 2414 1057 2497 factis
1080 2415 1234 2478 ostendere
1254 2417 1347 2478 mato.

226 2547 285 2610 Vos
301 2568 433 2632 quoque,
462 2548 531 2611 Viri
552 2549 742 2626 Clarissimi,
765 2551 811 2612 Do
825 2551 943 2626 Vsscs,
958 2550 1141 2625 Scorrxcn,
1160 2549 1349 2624 Senonum,

175 2671 310 2743 Kscsss
324 2687 353 2743 et
379 2682 536 2757 Vososu,
572 2679 663 2743 Vobis
682 2701 865 2763 persuasum
888 2681 1024 2744 habeatis
1046 2682 1151 2758 uelim,
1181 2701 1228 2744 me
1256 2682 1351 2745 Vobis

171 2835 232 2897 pro
264 2815 372 2879 Vestra
403 2818 605 2892 institutione,
635 2819 781 2878 nontam
809 2817 979 2878 solemniter
1009 2835 1100 2899 quam
1122 2815 1251 2878 candide
1271 2838 1352 2898 pra-

177 2950 237 3009 tias
259 2967 358 3031 apere.

226 3080 285 3143 Vos
309 3083 450 3166 denique,
484 3085 659 3146 amicissimi
690 3085 929 3161 Commititoues,
965 3087 1060 3148 uutcte
1087 3086 1203 3168 meipsa
1227 3105 1263 3148 ne
1291 3087 1353 3147 im-

179 3236 323 3279 memores
344 3221 425 3281 este!

249 3471 341 3536 Scripsi
359 3475 550 3540 Sossenhsymi,
568 3491 601 3526 m.
621 3477 713 3526 Martio
730 3489 891 3528 otoccccvnu
