2822 4540
694 245 736 308 24

135 463 166 530 ὃν
197 468 249 532 sal
286 465 538 550 ῥητορομάστιγα
576 465 717 532 ἐκάλουν.
755 464 841 538 ἕκτος
875 465 1095 544 Νεαπολίτης,
1125 463 1301 547 Φιλόσοφος
1401 483 1402 562 J

134 586 383 666 Ἀκαδημαϊκός,
408 585 584 652 Μελανθίου
610 591 664 652 τοῦ
684 584 795 652 Ῥοδίου
817 585 958 664 μαθητὴς
973 586 1026 650 scal
1051 583 1195 650 maritari·
1210 581 1301 664 ἕβδο-

133 728 190 782 μος
215 707 384 781 Μιλήσιος,
409 707 566 778 πολιτικὸς
592 706 812 788 συγγραφεύς·
836 705 940 784 ὄγδοος
961 703 1216 786 ἀνδροοοντοτοοό.

179 825 268 889 Hanc
296 825 430 911 primam
461 825 627 904 ὁμωνύμων
658 826 847 910 'scriptorum
870 826 980 905 series,
1015 847 1111 912 quam
1141 824 1301 890 Demetrio

133 943 270 1031 Magneti
299 944 506 1023 restituimus,
542 955 722 1031 ceterasque
751 945 777 1010 si
806 945 888 1010 inter
910 967 975 1010 sese
997 943 1153 1023 conferas,
1178 942 1300 1031 liquere

132 1063 260 1148 poterit,
288 1085 328 1128 an
348 1064 460 1150 aliquis
479 1063 556 1130 ordo
574 1065 606 1130 in
626 1063 837 1143 recensendis,
862 1063 971 1130 eodem
990 1064 1118 1130 nomine
1136 1063 1299 1149 scriptori·

133 1181 209 1260 bus,
233 1185 263 1248 ei
280 1182 461 1250 observatus
495 1183 599 1250 fuerit.
646 1185 752 1250 Primo
778 1184 890 1249 obtutu
912 1175 1021 1249 nullus
1043 1182 1093 1248 hic
1116 1193 1247 1269 apparet
1268 1193 1301 1247 et

132 1301 283 1386 suspicari
321 1325 425 1388 posses
465 1304 658 1368 Demetrium
704 1301 802 1368 alium
847 1303 901 1368 alii
945 1303 1157 1390 supposuisse,
1203 1313 1301 1390 prout

131 1420 213 1484 inter
235 1420 405 1508 legendum
428 1423 457 1488 ei
479 1433 696 1502 occurrerant,
721 1435 776 1488 aut
797 1423 854 1488 etsi
872 1422 922 1487 vel
941 1422 1186 1509 Chrysippornm
1205 1422 1301 1488 series
1402 1475 1403 1492 ,

131 1537 324 1606 demonstrat
345 1563 418 1606 eum
442 1564 520 1628 opus
535 1565 628 1607 suum
648 1542 830 1621 absolvisse,
855 1542 1038 1628 impeditum
1061 1540 1169 1620 fuisse,
1193 1541 1299 1606 neseio

132 1680 196 1744 qua
225 1682 277 1740 re,
312 1663 481 1747 quominus
510 1663 651 1750 singulos
679 1664 711 1727 in
734 1662 866 1750 singulis
888 1661 1038 1750 catalogis
1059 1661 1168 1727 ordine
1190 1661 1299 1748 dispo-

130 1789 230 1844 neret.
275 1781 317 1845 At
346 1780 505 1870 longiores
531 1783 640 1861 series,
666 1782 774 1868 quales
797 1782 849 1846 ubi
872 1783 1021 1847 Demetrii
1046 1782 1117 1869 (20)
1141 1781 1298 1847 Theodori

133 1896 201 1986 (20)
226 1900 410 1967 Heraclidae
439 1902 508 1992 (14)
530 1902 667 1968 Cratetes
691 1900 759 1992 (10)
791 1903 902 1968 Diones
927 1901 998 1991 (10)
1031 1902 1154 1981 insunt,
1193 1913 1297 1968 osten-

131 2017 210 2084 dunt
221 2019 424 2108 reliquaeque
443 2022 643 2100 confirmant,
664 2046 737 2087 eum
761 2021 906 2109 deinceps
922 2022 1131 2105 Φολοοόφους,
1151 2022 1294 2104 ῥήτορος,

130 2149 311 2227 ceterosque
332 2142 545 2224 συγγραφέας
565 2152 597 2207 et
613 2141 743 2217 rosarias
768 2141 956 2229 plerumque
979 2142 1186 2220 recensuisse,
1210 2151 1242 2206 et
1263 2142 1296 2206 in

129 2257 253 2345 singula
283 2260 362 2324 serie
383 2261 532 2346 incepisse
555 2283 573 2326 a
596 2261 755 2326 notissimo
777 2273 809 2326 et
832 2261 1051 2341 celeberrimo,
1077 2259 1160 2326 unde
1182 2262 1295 2340 series,

128 2399 146 2441 a
165 2378 304 2466 Diogene
318 2380 442 2484 Latrtio
459 2391 599 2446 servatae
618 2381 722 2468 primo
740 2380 810 2446 loco
828 2380 1026 2468 philosophos
1045 2381 1145 2447 solent
1163 2379 1292 2458 habere,

126 2505 158 2561 et
175 2497 208 2562 iu
226 2497 455 2566 Dinarchorum
468 2500 546 2565 serie
562 2500 645 2587 apud
658 2503 839 2586 Dionysium
858 2500 956 2566 Halic.
970 2501 1090 2586 primus
1100 2501 1211 2564 visitur
1222 2523 1294 2566 ora·
1403 2491 1404 2574 J

127 2625 186 2682 tor.
210 2617 373 2684 Interdum
386 2619 496 2685 abhoc
509 2643 595 2686 more
608 2620 650 2686 ita
666 2619 816 2699 deflectit,
837 2630 874 2684 ut
885 2621 998 2685 notiori
1011 2621 1218 2707 antiquiorem
1238 2641 1295 2685 an·

127 2744 306 2821 teponeret,
340 2761 442 2824 neque
476 2750 580 2804 tamen
608 2739 667 2804 hoc
697 2741 777 2826 egit,
814 2750 849 2804 ut
870 2738 1011 2804 ordinem
1036 2738 1295 2827 chronologicum

127 2855 271 2944 religiose
294 2856 488 2934 observaret,
517 2855 601 2943 quod
624 2881 663 2922 ex
686 2880 751 2922 una
781 2857 1010 2923 Dinarchorum
1040 2858 1119 2924 serie
1148 2860 1294 2927 Vossium

128 2974 204 3040 olim
222 2987 307 3042 recte
329 2975 455 3054 vidisse,
480 2975 538 3042 hae
559 2978 591 3041 in
610 2979 753 3064 'Diogene
780 2988 919 3042 servatae
942 2977 1138 3043 confirmant.
1173 2979 1295 3046 Verum

126 3093 205 3160 haee
224 3096 252 3160 ei
273 3095 386 3183 regula
409 3096 480 3161 satis
503 3107 646 3162 constans
668 3097 741 3177 fuit,
767 3109 802 3162 ut
825 3121 877 3163 eos
900 3121 964 3162 uno
987 3112 1094 3164 tenore
1117 3099 1294 3186 coniunge-

126 3223 192 3292 ret,
228 3215 281 3301 qui
315 3213 432 3300 aliquid
467 3216 549 3281 inter
577 3240 609 3281 se
639 3239 807 3284 commune
836 3217 1009 3295 hebebant,
1050 3228 1085 3283 ut
1118 3217 1294 3283 studiorum

127 3355 241 3420 genus,
273 3335 405 3420 patriam
436 3334 486 3400 vel
517 3333 680 3414 familiam,
706 3347 737 3402 et
760 3335 829 3402 ideo
852 3336 973 3402 facilius
996 3335 1145 3401 conlundi
1168 3347 1199 3402 et
1221 3359 1293 3424 per-

126 3453 248 3518 misceri
271 3465 403 3540 possent.
442 3455 581 3541 Denique
605 3455 716 3520 ultimo
739 3454 809 3521 loco
832 3465 956 3542 poetam
984 3457 1119 3543 ponebat
1141 3467 1197 3522 aut
1218 3458 1295 3522 scri·

125 3582 247 3659 ptorem
282 3573 320 3638 de
343 3584 426 3654 arte,
451 3585 507 3640 aut
535 3576 709 3652 iuniorem,
739 3586 794 3640 aut
824 3583 915 3640 antea
944 3576 1000 3642 sibi
1028 3577 1294 3663 praetermissum.

125 3693 163 3758 Et
186 3693 355 3781 Diogenem
375 3695 534 3760 Laenium
554 3693 712 3772 ordinem,
737 3716 801 3781 quo
819 3694 850 3758 in
871 3694 996 3782 singula
1015 3696 1094 3760 serie
1117 3696 1294 3761 Demetrius

125 3813 292 3899 scriptores
321 3825 537 3891 recensuerat,
569 3837 632 3879 nou
664 3814 861 3892 immutasse,
892 3835 1002 3879 verum
1025 3813 1183 3880 interdum
1206 3813 1293 3880 aliud

125 3942 271 4020 agentem
300 3935 466 3998 oscitanter
489 3942 630 3996 secutum
648 3955 731 4011 esse,
756 3931 816 3997 hoc
838 3933 1019 4020 exemplum
1041 3934 1190 4001 ostendit:
1215 3935 1293 4000 Dio-

124 4074 220 4140 genes
230 4054 269 4122 V.
295 4053 347 4117 69.
383 4037 536 4128 Γεγόνασι
566 4052 596 4116 δὲ
626 4052 679 4117 sai
706 4051 799 4119 ἄλλοι
823 4054 977 4128 Λύκωνες·
1003 4061 1119 4139 πρῶτος
1147 4057 1292 4135 Πυθαγο-

124 4171 216 4250 ρικός·
243 4170 380 4250 δεύτερος
403 4171 497 4242 αὐτὸς
521 4165 619 4244 οὗτος·
643 4172 744 4253 τρίτος
766 4175 846 4240 ἐτῶν
877 4176 1016 4252 aeraria·
1053 4175 1201 4258 τέτοοοτος
1224 4177 1292 4240 ἐτο-

122 4286 320 4368 mappam
345 4289 482 4368 ποιητής.
529 4290 673 4358 Ridicule
696 4293 779 4360 enim
800 4296 1040 4383 coniunguntur
1062 4294 1114 4361 rai
1139 4292 1231 4360 ἄλλοι
1256 4315 1293 4360 ao
