2822 4540
668 311 708 373 37

91 540 143 596 tus
165 529 274 609 Chius,
298 529 450 618 sophista,
476 531 581 596 animo
604 529 682 595 adeo
704 529 816 596 infesto
838 538 906 595 erat
927 531 960 594 in
983 529 1198 610 Aristotelem,
1226 542 1263 597 ut

88 648 145 715 illa
168 650 207 715 de
230 651 357 716 Hermia
380 671 645 728 commemorans,
678 651 774 738 inque
800 649 903 716 verbis
934 649 1059 730 ludens,
1091 651 1260 740 Stagiriteu

88 767 209 834 diceret
231 769 417 852 κενόφρονα,
441 771 475 834 in
498 771 724 857 epigrammate
746 792 765 835 a
788 769 926 858 Diogene
945 773 985 839 V.
1007 772 1064 848 11,
1087 780 1118 836 et
1136 769 1259 856 plenius

87 887 128 953 ab
152 887 233 967 aliis,
259 910 337 976 quos
359 889 429 954 vide
448 887 532 976 apud
550 887 674 954 Muller.
694 890 777 953 RH.
790 889 846 954 Gr.
865 891 906 954 ΙΙ.
928 889 987 969 86,
1008 899 1141 956 servato.
1173 889 1258 956 Con-

86 1017 137 1072 tra
160 1009 350 1096 Hermippus
372 1008 606 1094 peripateticus,
635 1008 708 1095 qui,
741 1017 776 1072 ut
799 1007 891 1073 multi
913 1007 983 1088 alii,
1015 1007 1054 1073 de
1083 1006 1257 1072 Aristotelis

86 1129 152 1193 vita
184 1125 323 1214 sc'ripsit,
360 1151 433 1194 eum
471 1126 646 1193 defenderit
674 1136 706 1193 et
735 1127 893 1194 Demetrio
922 1127 962 1194 ad
993 1149 1123 1192 manum
1151 1126 1257 1191 fuerit.

84 1248 200 1314 Strabo
223 1271 255 1335 p.
280 1249 343 1314 610
366 1257 475 1314 testem
497 1231 625 1313 nullum
648 1245 795 1326 laudans,
827 1246 866 1312 de
889 1247 1017 1314 Hermia
1039 1246 1181 1334 pleniora
1200 1244 1256 1310 ha·

84 1368 154 1449 bet,
190 1391 286 1455 quam
317 1390 397 1456 quae
424 1369 457 1432 in
480 1368 619 1456 Diogene
641 1391 681 1433 ex
708 1367 881 1446 Dememi0‚
914 1390 1052 1454 quocum
1076 1367 1257 1454 ceteroquin

83 1488 252 1567 consentit,
276 1487 475 1590 afferunturp
494 1497 634 1552 ceterum
657 1496 725 1552 erat
746 1486 824 1552 haec
848 1509 910 1552 una
933 1511 972 1552 ex
991 1486 1053 1552 illis
1075 1485 1255 1566 historiolis,

84 1629 164 1696 quas
187 1607 239 1673 vel
261 1606 460 1673 mediocriter
482 1606 565 1673 docti
586 1630 651 1672 non
675 1608 872 1696 ignorabant.
919 1605 1055 1689 Quando
1077 1599 1258 1672 Aristoteles

65 1727 125 1793 ad
156 1727 306 1792 Hermian
334 1725 493 1813 profectus
516 1724 625 1805 fuerit,
656 1725 694 1792 de
716 1726 775 1792 hac
798 1737 921 1792 tantum
943 1749 996 1805 re,
1022 1736 1144 1791 certum
1167 1725 1258 1792 nobis

82 1847 297 1913 testimonium
320 1854 476 1932 superest:
501 1844 655 1932 Diogenes
677 1847 778 1924 enim,
804 1868 904 1932 quum
926 1844 1000 1930 dicit
1018 1843 1131 1910 ἔπειτα
1149 1845 1254 1922 μέντοι

81 1968 184 2047 άπῆρε
214 1965 287 2045 πρὸς
324 1963 471 2046 Ἑρμειάν
508 1963 680 2045 Ἀταρνέως
715 1963 791 2030 ὄντα
829 1967 973 2048 τύραννον
981 2014 993 2043 ,
1026 1962 1255 2052 Apollodorum

81 2085 305 2151 Atheniensem
327 2083 497 2170 excerpsit,
529 2082 677 2170 additque
699 2084 732 2149 in
755 2085 956 2173 sequentibus
982 2083 1033 2174 (V.
1056 2083 1099 2172 9.)
1121 2084 1201 2166 Φησὶ
1228 2085 1254 2148 δ’

83 2203 314 2287 Ἀπολλόδωρος
341 2207 372 2270 ἐν
397 2213 549 2287 Χρονικοῖς
578 2204 621 2276 εἵς
650 2229 686 2270 τε
713 2206 894 2280 Μυτιλήνην
923 2206 1021 2270 ε’λάεῖν
1047 2204 1090 2285 τῷ
1113 2203 1254 2286 τετάρτῳ

83 2322 146 2389 ἔτει
179 2331 236 2398 τῆς
266 2323 375 2402 &phorio
405 2322 457 2387 reci
488 2323 660 2398 ἑκατοστῆς
682 2323 918 2404 Ὀλυμπιάδος,
949 2322 1117 2396 Πλάτωνος
1145 2323 1177 2388 δὲ
1203 2347 1255 2388 τε·

81 2445 294 2520 λευτήοαντος
319 2444 361 2524 τῷ
379 2445 486 2524 πρώτῳ
505 2439 567 2508 ἕτει
581 2443 645 2528 (01.
663 2445 779 2510 108.1.
798 2469 845 2509 =
859 2445 937 2534 343.)
960 2443 1001 2509 cf.
1021 2442 1157 2511 Clinton.
1169 2445 1203 2508 F.
1215 2444 1254 2508 H.

81 2561 203 2650 matt)
227 2563 320 2643 πρὸς
337 2561 521 2643 Ἑρμείαν
545 2563 690 2644 άπάραι
716 2564 769 2630 καὶ
792 2573 897 2643 μεῖναι
920 2563 972 2640 ἔτη
995 2563 1078 2645 τρία.
1109 2561 1252 2627 Eundem

47 2761 54 2772 ⁸
79 2679 311 2768 Apollodorum
342 2683 433 2746 tacite
459 2680 511 2747 hic
539 2693 665 2747 secutus
692 2680 739 2747 est
769 2683 936 2770 Dionysius
966 2680 1035 2747 Hal.
1064 2680 1102 2746 de
1124 2682 1252 2746 Demos·

78 2799 173 2866 thene
197 2810 229 2865 et
250 2799 417 2866 Aristotele
435 2824 462 2866 c.
477 2803 507 2866 5.
543 2801 777 2867 De'Aristotele
795 2813 827 2868 et
845 2803 973 2868 Hermia
991 2800 1110 2866 videet
1127 2800 1252 2868 C.Zell.

77 2922 111 2985 in
135 2919 224 2984 Thes.
248 2919 401 2986 Pauliano
423 2922 448 2985 I.
474 2922 539 2987 780
561 2944 647 3008 seqq.

121 3039 259 3121 δεύτερος
283 3039 297 3104 ὅ
323 3039 588 3119 πολιτευσάμενος
615 3041 791 3126 Ἀθήνησιν,
815 3050 873 3106 cet.
904 3041 1039 3128 Egregie
1061 3041 1169 3106 Groen
1187 3062 1249 3106 van

76 3161 269 3240 Prinsterer,
294 3161 343 3225 vir
365 3159 592 3238 nobilissimus,
617 3161 650 3226 in
674 3162 861 3250 Prosopogr.
885 3160 1007 3226 Platon.
1027 3162 1137 3248 p.140
1155 3160 1245 3241 vidit,

74 3279 164 3346 hunc
189 3303 254 3344 esse
281 3279 417 3346 eundem
440 3290 534 3366 atque
562 3279 788 3368 „ingeniosum
815 3291 846 3347 et
868 3280 1019 3346 acutum’'
1043 3280 1247 3354 interlocuto-

74 3422 143 3466 rem
167 3399 200 3464 in
223 3397 361 3463 Platonis
385 3397 588 3478 Parmenide‚
613 3422 714 3465 unum
736 3423 776 3466 ex
799 3400 928 3488 triginta
947 3402 1097 3488 tyrannis.

120 3518 311 3593 Σικελιώτης
328 3516 434 3599 ῥήτωρ.
470 3518 608 3584 Auctore
629 3520 773 3607 Menagio
790 3522 912 3586 lonsius
934 3520 1110 3587 observavit
1127 3521 1159 3586 in
1178 3522 1246 3587 Dis-

72 3639 238 3727 putatione
255 3636 294 3703 de
320 3636 517 3724 Philosophia
540 3639 762 3726 Peripatetico,
787 3663 850 3726 quo
873 3640 954 3707 libro
976 3665 1040 3707 nou
1063 3665 1138 3708 usus
1155 3665 1243 3720 sum,

70 3757 272 3825 Aristotelem
302 3756 445 3822 Siculum
469 3779 488 3822 a
512 3758 660 3824 Cicerone
683 3757 814 3846 aliisque
837 3783 911 3826 cum
937 3761 1087 3849 Stagirita
1110 3759 1243 3826 confun-

71 3877 121 3942 di:
157 3876 189 3942 id
219 3876 336 3962 optime
358 3878 548 3964 perspexisse
578 3877 718 3944 lonsium
746 3877 876 3966 liquebit
897 3879 948 3946 vel
971 3903 1009 3976 ex
1032 3881 1180 3948 Cicerone
1204 3881 1243 3948 de

73 3995 129 4062 Or.
153 3997 211 4060 ΠΙ.
236 3996 289 4060 35.
313 3977 413 4061 Orat.¹
428 3997 480 4063 19.

115 4114 341 4196 γραμματικὸς
366 4113 499 4196 άοημος.
535 4116 630 4182 Nulla
660 4117 827 4197 dubitatio,
860 4117 937 4204 quin
966 4117 1017 4184 hic
1039 4116 1122 4182 idem
1146 4117 1241 4183 fuerit

71 4256 110 4300 ac
132 4235 365 4302 Grammaticus
388 4259 406 4302 a
428 4240 572 4306 Varrone
594 4238 628 4303 L.
646 4238 681 4302 L.
700 4239 757 4302 lx.
770 4240 801 4304 2.
820 4238 902 4305 inter
924 4261 976 4305 eos
999 4236 1161 4316 laudatus,
1188 4236 1243 4322 qui

72 4352 111 4418 de
135 4352 304 4422 verborum
328 4354 581 4424 similitudinibus
604 4356 805 4444 seripserunt.
