2848 4546
639 272 703 336 113
746 367 748 370 v

80 502 201 584 νέχνοος
221 500 393 584 γενοωφΐος
413 499 466 565 κω)
488 496 588 580 ἕτερος
608 498 713 579 inspic
735 496 821 562 κοντοὶ
839 497 990 562 Σέλευκον
1013 499 1064 564 τὸν
1082 498 1251 582 Νικοίνοροο·

79 621 136 688 cai
158 646 206 695 τις
230 619 487 703 ἀνδριαντοποιός.

127 742 249 832 Rhetor
285 751 317 807 et
350 739 489 806 medicus
526 736 654 803 aliunde
683 738 791 826 ignoti.
846 739 954 820 Quum
984 738 1116 825 proclivi
1145 761 1254 805 errore

84 871 187 942 Σῖμος
222 872 254 927 et
281 861 388 941 Σίμων
416 858 668 938 confundantur,
700 860 881 925 etiamnunc
903 860 935 925 in
958 859 1111 926 Strabone
1134 882 1165 947 p.
1190 861 1253 926 648

82 983 117 1049 G.
146 981 207 1071 (ed.
231 979 381 1069 Kramer)
407 980 514 1060 Σίμων
538 980 551 1043 ὃ
575 978 740 1059 μελοποιός
764 979 846 1044 male
869 1003 928 1066 pro
951 985 1050 1059 Σῖμος
1074 979 1202 1069 legitur.

129 1102 178 1175 τίς
193 1100 449 1184 ω’νδροωντοοοοοίς.
469 1099 584 1166 Nullus
602 1099 682 1165 alius
694 1110 756 1177 est,
780 1119 876 1185 quam
895 1099 1044 1186 antiquus
1058 1099 1112 1164 ille
1128 1094 1256 1164 Simon,

83 1221 141 1308 qui
162 1244 260 1307 equos
281 1243 330 1286 ex
354 1242 427 1286 aere
449 1219 547 1298 fudit,
578 1220 763 1307 primusque
788 1217 827 1283 de
849 1218 991 1304 equitatu
1013 1218 1135 1304 scripsit
1161 1217 1254 1308 (Plin.

84 1342 125 1407 N.
155 1344 194 1408 Η.
221 1338 366 1410 XXXIV.
399 1337 446 1419 8).
487 1339 609 1404 Laudat
631 1362 705 1404 eum
728 1338 793 1425 ipse
815 1337 991 1424 Xenophon
1014 1337 1102 1402 initio
1124 1336 1197 1402 libri
1219 1337 1259 1404 de

85 1484 122 1527 re
150 1460 330 1547 equinaria,
359 1481 377 1524 a
405 1481 469 1546 quo
499 1457 568 1524 loco
595 1459 754 1544 sequiores
783 1467 874 1522 testes
896 1455 1052 1543 pendent;
1081 1458 1258 1523 Demetrius

86 1581 273 1658 statuerim,
305 1580 359 1666 qui
381 1578 475 1644 huius
498 1578 610 1665 equitis
632 1577 768 1642 Simonis
789 1587 923 1642 statuam
947 1575 1020 1642 fecit
1047 1575 1139 1665 (Plin.
1160 1575 1181 1640 l.
1201 1575 1258 1665 1.),

87 1702 113 1768 is
131 1711 195 1779 est,
216 1723 311 1786 quem
331 1699 415 1787 apud
434 1699 636 1766 Polemonem
656 1699 819 1762 invenerat
834 1697 1010 1762 Demetrius
1027 1697 1155 1784 Magnes
1175 1695 1259 1782 (vide

87 1823 320 1888 Demetriorum
350 1819 493 1909 seriem);
525 1829 556 1884 et
584 1818 666 1884 idem
696 1818 827 1883 Polemo
849 1815 880 1880 ἕν
900 1840 958 1881 τονο
984 1818 1152 1898 ἐπιστολῇ,
1181 1826 1258 1881 teste

87 1942 249 2008 Clemente
266 1939 357 2006 Alex.
372 1941 475 2004 Protr.
493 1963 524 2025 p.
546 1940 586 2003 31
607 1940 658 2017 S.,
678 1937 765 2002 hunc
783 1937 960 2015 Simonem,
976 1934 1142 2021 Eupalami
1157 1934 1259 2000 filium

87 2068 332 2126 memoraverat.
377 2059 458 2123 Hinc
487 2080 560 2124 cum
590 2057 724 2123 Muliero
753 2056 865 2144 Aegin.
895 2078 925 2142 p.
959 2057 1024 2121 104
1053 2054 1137 2142 apud
1160 2057 1261 2121 Zeno·

88 2178 179 2244 hium
207 2179 247 2246 V.
281 2178 323 2240 13
352 2198 411 2263 pro
434 2176 573 2256 Σιμμίου
597 2178 721 2266 corrige
744 2176 902 2256 Σίμωνος,
932 2177 965 2241 in
987 2175 1110 2264 Silligio
1132 2176 1165 2244 C.
1189 2177 1258 2244 Art.

87 2321 120 2386 p.
152 2298 217 2362 420
246 2294 398 2382 pleraque
421 2297 551 2362 confusa
572 2305 656 2366 sunt.
702 2296 836 2362 Simonis
859 2293 955 2373 liber,
983 2294 1111 2374 βιβλίον
1136 2294 1259 2374 ίοοωμοί-

89 2440 154 2484 οων
162 2466 171 2497 ,
193 2425 305 2482 nactus
327 2427 374 2482 est
395 2415 523 2482 titulum
548 2417 774 2482 lenocinantia
808 2425 864 2480 aut
892 2415 1093 2497 ἱπποωτρνκοί.
1125 2415 1164 2481 cf.
1184 2416 1260 2482 Sui-

90 2535 163 2602 dam
196 2558 228 2599 v.
255 2535 436 2618 Ἄψυρτος,
471 2535 592 2616 Κίμων,
622 2538 754 2601 Tzetzen
786 2532 864 2602 Chii.
880 2536 947 2612 lv.
976 2535 1059 2614 483,
1091 2536 1260 2621 inquibus

87 2655 189 2722 tribus
218 2653 294 2721 locis
325 2653 432 2734 Σίμων
454 2675 514 2742 pro
538 2655 643 2734 Κίμων
666 2653 912 2730 restituendum,
944 2665 981 2718 ut
1003 2663 1087 2719 recte
1109 2654 1260 2740 scriptum

88 2784 188 2842 exstat
226 2772 311 2861 apud
345 2773 481 2839 eundem
512 2773 640 2839 Suidam
671 2796 701 2838 v.
732 2773 856 2853 Σίμων,
892 2773 1033 2856 Τρίλλη,
1065 2773 1258 2839 Clementem

86 2895 137 2965 Al.
166 2894 243 2974 VII,
275 2893 339 2960 323
369 2895 401 2962 S.
432 2903 464 2959 et
494 2891 579 2981 apud
604 2893 767 2959 Pollucem
790 2895 822 2973 Ι,
849 2895 930 2973 190,
957 2895 1038 2973 194,
1066 2894 1147 2973 198,
1173 2895 1256 2973 204,

86 3018 133 3095 ΙΙ,
160 3015 221 3092 69,
250 3012 304 3078 ubi
335 3012 385 3081 hic
407 3014 516 3079 Simon
539 3013 624 3078 testis
646 3012 685 3080 de
707 3015 795 3100 equis
818 3013 976 3080 laudatur.
1012 3013 1255 3081 curatrice.

86 3134 143 3202 Gr.
174 3136 236 3213 VI,
266 3134 331 3198 499
359 3132 409 3199 ed.
435 3136 487 3198 1⁸⁰.
522 3133 601 3198 Cum
625 3133 754 3200 Polluce
777 3136 817 3198 ΙΙ.
844 3135 884 3198 69
909 3156 1062 3220 compone
1083 3133 1256 3197 Arrianum

85 3255 162 3341 Exp.
184 3253 235 3318 Al.
252 3254 378 3322 v11.10
402 3261 433 3317 et
456 3251 540 3340 apud
562 3253 733 3317 Arrianum
756 3275 815 3339 pro
836 3253 990 3338 Νίκωνος,
1013 3252 1052 3318 de
1075 3252 1257 3318 coniectura
1277 3287 1280 3298 ·
1345 3313 1347 3318 .

86 3396 144 3459 pro
170 3372 307 3452 Κίμωνος
339 3373 492 3458 reposito,
524 3371 594 3461 lege
621 3371 773 3445 Μίκωνος.
818 3374 897 3438 Mico
930 3374 1047 3458 pictor,
1079 3371 1257 3458 Polygnoto

87 3491 242 3579 aequalis,
280 3492 358 3557 vixit
387 3493 471 3558 circa
502 3491 553 3558 Ol.
585 3495 645 3572 80,
676 3491 761 3582 unde
790 3492 926 3556 Simonis
954 3513 1081 3577 quoque
1110 3499 1255 3576 tempora

86 3611 242 3678 discimus.
278 3611 449 3694 Confirmat
474 3611 535 3678 hoc
556 3614 725 3679 Pausanias
745 3615 785 3682 V.
811 3614 863 3678 27.
888 3616 918 3676 2.
953 3613 998 3676 De
1020 3612 1140 3676 Micone
1158 3612 1254 3676 Ama-

87 3754 266 3818 zonumque
297 3753 408 3819 pugna
433 3728 484 3796 adi
508 3730 626 3798 Scholl.
649 3732 743 3798 Arist.
766 3733 837 3818 hys.
862 3732 943 3810 679,
974 3730 1076 3818 Sillig.
1100 3731 1133 3795 G.
1157 3729 1195 3795 A.
1220 3753 1251 3816 p.

89 3852 151 3918 275
176 3874 241 3938 seq.
285 3853 385 3920 Vetus
407 3850 533 3929 Simon,
563 3851 798 3936 asequioribus
820 3849 1016 3915 Atheniensis
1037 3847 1154 3927 dictus,
1189 3871 1255 3914 uon

87 3970 228 4037 diversus
257 3968 317 4036 fuit
338 3993 356 4036 a
380 3971 506 4035 Simone
528 3969 697 4056 Aegineta,
728 3967 767 4033 de
797 3971 885 4035 cuius
908 3992 1005 4035 aeneo
1028 3991 1110 4055 equo
1132 3968 1254 4034 Pausa-

88 4091 154 4157 nias
176 4088 199 4154 Ι.
224 4089 246 4157 l.
271 4089 427 4176 quaedam
450 4099 575 4168 narrat,
600 4098 632 4154 et
653 4088 730 4154 nihil
745 4087 839 4152 habet
857 4111 1042 4166 commune,
1068 4099 1103 4152 ut
1122 4087 1257 4154 absurde

88 4205 232 4274 credebat
246 4209 408 4275 Reinesius
427 4207 480 4299 (cf.
496 4208 583 4276 Suid.
607 4232 638 4276 v.
652 4209 759 4288 Σίμων
779 4208 827 4274 ed.
844 4207 990 4298 Bernh),
1015 4232 1088 4275 cum
1108 4209 1251 4285 Simone,

90 4351 180 4416 quem
203 4328 243 4395 oh
267 4329 470 4417 rapacitatem
494 4331 632 4420 exagitat
654 4327 875 4416 Aristophanes
898 4330 930 4394 in
952 4328 1054 4394 Nubb.
1072 4328 1152 4405 351,
1176 4327 1252 4392 398.

1059 4449 1078 4513 8
