2822 4540
669 271 696 340 ,7

98 501 226 580 propter
244 491 347 558 multa
369 491 544 558 multorom
558 488 736 580 fragmenta
760 491 842 555 inter
864 490 1007 556 omnium
1031 511 1143 558 manus
1166 504 1270 558 versa-

97 623 157 680 tur.
189 612 345 702 Diogenes
367 611 509 679 laertius
531 621 596 678 tam
620 611 732 677 crebro
743 610 893 680 Demetrii
904 632 998 699 opere
1011 633 1086 677 usus
1097 621 1190 678 estut
1202 635 1266 678 non

93 731 198 798 solum
221 733 289 798 eius
309 731 423 810 verbe,
448 732 503 797 ubi
524 753 641 797 nomen
668 731 735 796 eius
758 731 918 819 apposuit,
942 731 1188 818 transcripserit,
1216 731 1269 798 sed

94 863 157 918 tam
189 850 332 918 solemne
361 852 390 918 ei
420 852 497 931 luit,
526 860 613 918 certa
643 849 796 936 quaedam
820 873 860 915 ex
877 849 1037 916 Demetrio
1059 848 1155 916 verbo
1177 860 1269 916 tenus

92 970 284 1050 describere,
305 971 422 1036 utiam
446 993 510 1036 non
533 993 658 1036 necesse
680 969 738 1035 sibi
760 969 885 1035 duxerit
906 967 1039 1057 singulis
1060 967 1180 1034 vicibus
1202 970 1267 1033 De-

91 1091 335 1157 metrii.uomen
358 1112 418 1176 pro
439 1089 616 1155 testimonio
639 1110 808 1176 apponere.
842 1090 892 1154 lta
914 1089 947 1154 iu
969 1087 1031 1154 hoc
1054 1109 1166 1176 campo
1185 1109 1267 1154 unus

89 1210 246 1297 Diogenes
282 1207 453 1297 largiorem
484 1217 516 1274 et
552 1208 756 1296 integriorem
788 1229 919 1273 messem
950 1206 1080 1294 praebet
1108 1229 1205 1293 quam
1235 1209 1267 1272 in

88 1329 198 1394 multis
235 1327 304 1394 aliis
340 1327 480 1394 obtinere
516 1326 673 1405 videmus,
705 1349 843 1414 quorum
873 1327 1052 1415 fragmenta
1078 1326 1210 1394 dissecta
1236 1339 1268 1394 et

88 1447 260 1514 dilacerate
285 1447 424 1534 undique
447 1447 626 1536 colligenda
639 1458 671 1513 et
694 1446 909 1534 conquirenda
929 1459 1015 1513 sunt
1051 1446 1136 1530 Quid
1158 1456 1264 1512 autem

87 1567 140 1633 htc
171 1568 274 1656 egerit
304 1569 458 1656 Diogenes
480 1577 512 1632 et
534 1565 610 1653 quid
632 1568 661 1632 ei
683 1565 854 1632 debeamus
876 1589 916 1631 ex
938 1567 1006 1652 ipso
1028 1564 1120 1632 facile
1143 1589 1265 1655 cogno-

86 1690 203 1770 scitur,
228 1689 326 1754 ceteri
348 1711 427 1774 quos
448 1689 599 1754 Demetrii
621 1687 793 1765 ὁμωνύμως
818 1709 890 1752 usos
901 1709 969 1752 esse
980 1685 1144 1765 videmus,
1168 1708 1264 1772 quae·

85 1831 164 1874 nam
186 1807 261 1874 inde
283 1806 446 1880 hauserint
462 1808 494 1874 in
518 1807 701 1874 universum
729 1804 922 1893 intelligere,
946 1827 1011 1871 non
1030 1827 1107 1870 vero
1122 1803 1265 1871 distincte

85 1927 215 2018 singula
244 1925 383 1994 iudicare
413 1927 500 2008 licet3
532 1928 622 1993 cuius
651 1925 697 1992 rei
725 1924 806 1991 duae
834 1934 909 1990 sunt
935 1947 1061 2004 causae,
1086 1934 1155 1990 tum
1178 1922 1264 2010 quod

86 2049 239 2115 Demetrii
262 2069 357 2135 opus,
382 2069 446 2136 quo
468 2047 524 2113 sibi
546 2056 657 2112 auctor
678 2047 761 2110 inter
783 2045 989 2124 πολυΐστορας
1002 2043 1109 2109 locum
1121 2045 1258 2129 paravit,

85 2171 117 2234 in
151 2169 189 2234 iis
218 2167 307 2234 libris
334 2167 568 2234 numerandum
599 2176 662 2244 est,
687 2163 772 2252 quod
795 2174 917 2230 tantum
939 2187 1004 2230 non
1027 2186 1136 2230 omnes
1159 2175 1261 2230 terere

84 2288 243 2370 solebant3
268 2299 337 2356 tum
360 2289 435 2377 quie
457 2289 489 2354 in
513 2298 601 2355 tanta
624 2286 779 2352 librorum
800 2296 906 2372 strage
929 2294 960 2350 et
982 2284 1105 2350 iactura
1126 2305 1189 2348 non
1210 2285 1259 2350 in«

83 2421 178 2497 teger
207 2407 384 2496 Stephanus
409 2409 603 2496 Byzantinus
631 2405 684 2472 sed
707 2404 831 2471 nonnisi
856 2404 991 2492 epitome
1021 2404 1061 2469 ab
1087 2401 1257 2469 Hermolao

83 2527 229 2595 Barbare
250 2529 394 2598 confecta
416 2527 456 2594 ad
478 2551 536 2594 nos
558 2527 692 2592 devenit.
739 2527 828 2590 Hanc
853 2524 879 2589 si
900 2523 1024 2590 confers
1045 2547 1119 2590 cum
1143 2545 1207 2589 uno
1230 2531 1263 2588 ot

82 2648 187 2714 altero
210 2647 390 2733 fragmento
412 2639 541 2706 aliunde
563 2647 670 2726 postea
693 2635 875 2723 depromto,
895 2635 950 2700 ubi
968 2637 1093 2724 integra
1112 2633 1261 2722 Stephani

82 2791 201 2836 manus
226 2776 349 2833 servata
378 2770 424 2828 est
455 2759 509 2851 (cf.
532 2757 639 2845 Steph.
663 2758 699 2826 B.
723 2755 772 2824 ed.
796 2756 887 2822 Mein.
912 2776 942 2821 v.
966 2756 1095 2830 Δωδώνη
1119 2777 1204 2840 seqq.
1230 2763 1261 2818 et

77 2888 187 2977 Ἴβηρ)
202 2894 349 2976 apparet,
363 2883 600 2970 epitomatorem
612 2877 819 2964 perexiguam
830 2895 968 2940 servasse
980 2882 1102 2959 partem
1113 2883 1146 2938 et
1157 2870 1259 2938 multo

80 3008 180 3095 plura
216 3005 354 3073 omisisse
384 3023 480 3088 quam
511 2999 685 3064 retinuisse.
738 2994 889 3060 Solebant
923 2994 1007 3058 enim
1037 2993 1258 3080 epitomatores

81 3152 134 3194 res
156 3137 282 3194 tantum
310 3121 533 3199 transcribere,
565 3119 754 3204 scriptorum
778 3137 854 3180 vero
878 3113 1081 3180 laudatorum
1103 3111 1200 3176 verba
1227 3120 1259 3175 et

80 3247 215 3314 nomina
245 3246 405 3322 omittere,
437 3238 523 3306 unde
550 3238 670 3303 nemini
701 3236 816 3302 mirum
841 3233 997 3299 videbitur
1017 3233 1043 3297 si
1065 3229 1156 3296 hodie
1178 3251 1257 3316 pau-

79 3368 344 3444 cissimaeorum,
358 3385 440 3450 quae
460 3358 636 3446 Stephanus
648 3359 723 3444 Byz.
748 3379 788 3422 ex
806 3353 963 3422 Demetrio
987 3352 1104 3431 hausit,
1124 3349 1256 3415 indicari

78 3496 231 3575 possunt,
262 3507 366 3571 neque
386 3480 471 3547 ultra
492 3479 632 3566 primum
655 3484 811 3558 sturzeter
834 3475 867 3540 in
889 3471 1095 3538 Ethnicorum
1118 3471 1254 3558 epitome

78 3606 235 3674 Demetrii
256 3617 372 3672 nomen
395 3600 543 3668 occurrit.

124 3725 198 3792 Alia
220 3723 398 3812 Stephanus
419 3724 495 3808 Byz.
519 3718 581 3785 alia
603 3718 757 3805 Diogenes
776 3715 918 3780 Laertius
936 3737 976 3780 ex
991 3713 1149 3778 Demetrio
1168 3733 1254 3775 sum·

77 3849 133 3912 sit:
159 3844 211 3912 hic
241 3867 323 3932 quae
356 3840 396 3909 ad
426 3839 608 3926 scriptores,
649 3836 704 3901 ille
734 3857 815 3920 quae
845 3830 885 3898 ad
915 3832 1009 3929 urbes
1045 3829 1254 3917 pertinebant.

76 3966 200 4032 Bilaria
230 3965 315 4029 enim
342 3947 537 4028 noster'sibi
566 3954 729 4024 tractanda
758 3962 964 4041 proposuerat
993 3959 1025 4016 et
1054 3972 1133 4036 opus
1158 3970 1252 4013 suum
1288 3936 1296 4078 ¹l

75 4085 237 4172 inscripsit
269 4081 362 4149 titulo
395 4080 546 4160 ὁμώνυμοι
582 4075 708 4153 ποιηταὶ
744 4077 945 4156 συγγραφεῖς
979 4095 1015 4135 τε
1050 4071 1102 4135 καὶ
1132 4069 1249 4141 πόλεις.
1287 4079 1292 4133 l

74 4205 215 4294 Collegit
243 4215 275 4269 et
304 4202 362 4269 sub
390 4221 484 4267 suum
514 4220 656 4285 quosque
684 4217 801 4260 nomeu
823 4192 973 4280 disposuit
995 4199 1063 4255 tum
1086 4190 1252 4275 scriptores

73 4336 147 4394 tum
183 4321 293 4404 urbes,
331 4321 441 4390 eodem
472 4319 599 4386 nomine
636 4313 818 4405 gaudentes.
873 4313 943 4378 Non
984 4307 1086 4378 solum
1124 4307 1252 4374 nomina
1373 4389 1374 4402 χ

1314 4477 1374 4510 Δ
