2822 4540
716 269 734 331 6

139 512 206 556 sam
234 489 405 568 mediter,”
436 498 468 554 et
497 491 613 554 iterum
642 489 711 574 (Ep.
734 485 774 552 ad
797 485 860 552 att.
885 487 970 555 VIII.
997 485 1051 574 12)
1078 493 1137 568 „et
1159 482 1245 571 quod
1266 483 1306 548 ad

138 622 170 676 te
194 609 412 695 antescripsi,
436 607 586 674 Demetrii
596 607 748 695 Magnetis
771 605 905 685 librum,
930 627 1025 692 quem
1048 603 1088 670 ad
1110 613 1142 670 te
1163 603 1246 670 misit
1267 601 1306 668 de

138 729 321 809 concordia,
347 729 442 794 velim
466 726 543 794 mihi
565 725 702 793 mittas.''

181 851 267 914 Haec
295 849 404 913 Cicero
432 846 534 912 Attico
564 845 687 932 scripsit
715 845 804 910 initio
825 865 854 910 a.
876 843 919 908 49
939 865 968 912 a.
988 845 1022 910 C.
1051 861 1152 930 quum
1174 843 1304 920 Caesar,

137 966 300 1033 Rubicone
323 967 471 1045 traiecto,
496 967 630 1031 Romam
659 963 931 1052 appropinquabat
951 972 982 1030 et
1004 964 1190 1051 Pompeius,
1221 959 1307 1026 bello

137 1085 221 1152 civili
249 1086 375 1152 iamiam
399 1085 545 1165 ardente,
569 1084 659 1150 Italia
681 1083 792 1150 cedere
814 1082 958 1170 parabat;
983 1083 1109 1150 interim
1135 1083 1244 1150 Cicero
1265 1103 1307 1146 ex

135 1205 243 1272 Cilicia
271 1205 373 1272 redux
394 1205 427 1270 in
446 1205 586 1284 Italiam,
613 1203 816 1269 vehementer
838 1203 909 1289 paci
931 1202 1075 1269 studebat
1096 1212 1128 1268 et
1149 1201 1306 1289 composi-

138 1325 255 1392 tionem
278 1349 311 1390 se
333 1348 422 1412 posse
444 1324 567 1391 efficere
590 1322 751 1411 sperabat,
776 1345 888 1390 verum
904 1321 959 1388 illa
977 1345 1046 1409 spes
1063 1345 1139 1388 mox
1156 1322 1305 1400 evanuit,

136 1445 190 1510 nbi
201 1446 369 1532 Pompeius
383 1467 456 1511 cunr
476 1446 615 1512 maxima
638 1445 839 1532 optimatium
861 1432 950 1530 parte
965 1441 1180 1510 Brundusium
1199 1442 1303 1530 petiit,

134 1575 166 1630 et
195 1566 303 1652 paucis
337 1564 445 1630 diebus
474 1574 544 1652 post
573 1565 682 1632 Cicero
710 1564 814 1630 Attico
844 1563 981 1650 scripsit:
1017 1562 1127 1646 „actio
1156 1560 1195 1628 de
1225 1583 1305 1649 pace

134 1683 257 1750 sublata
275 1693 321 1750 est
340 1706 437 1778 quam
457 1685 583 1771 quidem
603 1708 663 1774 ego
682 1683 865 1751 meditabar.
899 1686 1010 1770 Itaque
1027 1691 1134 1770 postea
1152 1680 1305 1746 Demetrii
1376 1723 1377 1727 =

133 1803 251 1870 librum
281 1803 320 1869 de
350 1797 599 1870 eoncordiatibi
628 1803 766 1872 remisi.”
813 1805 868 1869 His
897 1803 1054 1871 Ciceronis
1076 1800 1179 1868 verbis
1201 1798 1305 1866 fretus

131 1922 201 1988 iure
230 1923 268 1990 G.
304 1926 331 1992 Ι.
358 1925 486 1994 Vossius
511 1923 563 2015 (de
592 1924 668 1991 Hist.
698 1924 754 1990 Gr.
778 1947 810 2010 p.
837 1922 900 1989 193
923 1923 972 1990 ed.
996 1921 1110 2011 West)
1144 1919 1304 1986 dissensus

131 2049 206 2106 esta
218 2041 297 2109 Phil.
310 2045 487 2124 Maussaco,
501 2043 599 2131 quiin
611 2042 691 2108 notis
702 2041 742 2107 ad
753 2042 1051 2128 Harpocrationem,
1075 2038 1162 2104 aliud
1182 2060 1300 2126 agens,

130 2159 215 2248 apud
249 2163 430 2230 Ciceronem
464 2186 523 2250 pro
556 2161 695 2242 ὅμωνωίως
730 2162 870 2249 reposuit
905 2160 1089 2240 ὁμωνύμων,
1120 2168 1152 2226 et
1181 2159 1301 2246 optime

48 2281 49 2286 ’
128 2281 257 2348 Vossius
285 2305 318 2347 se
347 2281 454 2348 videre
476 2282 619 2370 negavit,
650 2281 725 2367 quid
754 2281 897 2346 utilitatis
926 2303 1005 2367 opus
1033 2279 1101 2360 περ)
1127 2278 1298 2359 ὁμωνύμων

128 2397 253 2466 adferre
275 2402 303 2468 ei
325 2404 478 2489 potuerit,
504 2403 558 2489 qui
577 2400 783 2466 meditaretur
802 2399 921 2486 aliquid
932 2399 972 2466 ad
990 2421 1099 2486 pacem
1116 2400 1198 2465 inter
1213 2399 1299 2466 cives

127 2521 388 2607 componendam,
434 2523 542 2608 Neque
569 2522 676 2587 Cicero
698 2520 760 2587 dici
782 2530 884 2607 potest
905 2519 1001 2586 fando
1022 2527 1145 2584 tantum
1166 2518 1297 2584 inaudi-

127 2638 206 2706 visse
230 2638 268 2705 de
289 2640 439 2706 Demetrii
461 2664 555 2728 opere
578 2663 677 2726 quum
697 2641 876 2706 meminerit
897 2637 929 2704 id
947 2637 1050 2704 Attico
1069 2637 1198 2718 adferri,
1219 2661 1295 2704 nam

125 2766 162 2822 ut
182 2781 222 2823 ex
245 2769 402 2844 postremo
425 2759 521 2824 allato
543 2760 613 2825 loco
635 2758 794 2840 videmuS,
817 2759 926 2824 Cicero
940 2757 1294 2844 reveraipsumlibrum

125 2875 165 2942 ab
199 2876 302 2942 Attico
331 2878 466 2964 accepit3
498 2889 660 2966 praeterea
690 2901 790 2965 quum
821 2901 853 2944 se
883 2878 962 2943 scire
991 2876 1077 2942 hunc
1106 2877 1223 2942 librum
1254 2874 1293 2941 ad

122 2996 262 3063 Atticum
286 2998 415 3064 missum
438 2998 458 3063 i.
471 3021 498 3064 e.
522 2997 699 3064 dedicatum
723 2998 816 3064 fuisse
829 2996 930 3075 addit,
951 2995 1293 3084 suspicandilocusda·

121 3124 193 3196 tur,
212 3117 371 3186 Demetrio
393 3140 465 3184 cum
488 3119 638 3185 Cicerone
660 3141 787 3204 quoque
809 3117 1051 3182 familiaritatem
1068 3117 1291 3196 intercessisse,

122 3235 176 3322 qui
206 3259 279 3301 eum
311 3245 366 3301 aut
390 3234 465 3302 olim
500 3248 555 3302 aut
577 3238 738 3324 superiore
768 3259 852 3302 anno
874 3236 1011 3316 vidisset,
1036 3257 1100 3322 quo
1121 3236 1291 3321 proconsul

122 3377 195 3420 cum
225 3356 357 3443 imperio
392 3356 556 3424 Graeciam
579 3359 733 3443 Asiaeque
756 3357 883 3422 Minoris
905 3368 1027 3443 partem
1051 3354 1156 3421 denuo
1179 3355 1291 3440 perlu-

33 3525 34 3548 ,
120 3475 246 3553 stravit,
270 3476 426 3563 principes
449 3477 480 3540 in
504 3476 614 3542 litteris
636 3476 778 3542 homines
801 3455 938 3542 Graecos
962 3454 1109 3563 cognovit
1127 3471 1291 3562 etcogni-

119 3602 166 3658 tos
188 3593 303 3660 iterum
326 3596 417 3676 adiit;
443 3618 542 3682 quum
566 3597 750 3682 praesertim
767 3595 835 3662 iam
859 3594 1007 3658 sexennio
1030 3593 1096 3659 fere
1118 3605 1289 3680 antequam

119 3715 236 3780 librum
267 3713 305 3779 de
331 3715 499 3780 concordia
522 3737 579 3800 per
600 3716 739 3780 Atticum
757 3723 875 3780 nactus
897 3724 979 3794 erat,
1004 3713 1139 3780 adeum
1165 3715 1205 3782 de
1227 3716 1288 3783 De-

117 3833 229 3898 metrio
251 3834 382 3921 scripsit.
409 3835 483 3923 (Cic.
507 3837 563 3922 Ep.
587 3833 628 3901 ad
649 3835 712 3912 An.
736 3837 791 3904 lv.
817 3835 884 3923 11).

160 3952 305 4019 Alterum
333 3956 483 4020 Demetrii
505 3979 585 4042 opus
607 3965 653 4022 est
675 3958 742 4042 ipsa
765 3955 820 4022 illa
843 3956 1054 4038 πρωγμωτείω
1077 3957 1167 4024 cuius
1190 3977 1287 4024 causa

114 4069 354 4156 disputationem
386 4084 525 4142 nostram
555 4075 756 4142 instituimus.
801 4077 849 4142 Ex
874 4074 989 4162 grandi
1011 4074 1067 4142 illo
1089 4097 1184 4163 opere
1205 4099 1286 4163 pre-

114 4189 224 4256 tiosam
252 4203 373 4278 partem
397 4217 480 4260 unus
503 4198 638 4262 servavit
659 4197 792 4283 scriptor
815 4195 1009 4274 notissimus,
1034 4195 1089 4282 qui
1111 4195 1284 4282 obeaqui-

112 4307 201 4389 dem,
233 4332 313 4396 quae
336 4315 400 4403 ipse
423 4339 463 4382 ex
485 4316 614 4405 ingenio
644 4339 701 4385 suo
731 4314 880 4402 protulit,
911 4315 1138 4396 contemnitur,
1171 4325 1286 4385 contra

67 4471 171 4496 Α
