2822 4540
755 268 794 331 12

189 497 281 564 lllinc
303 495 387 561 enim
418 489 579 560 credidere
609 490 802 558 Demetrium
834 498 958 576 praeter
988 487 1105 555 librum
1129 487 1168 554 de
1190 491 1352 556 concordia

188 617 255 684 duo
276 636 373 703 opera
395 611 566 681 condidisse
587 634 686 676 unum
705 609 745 675 de
763 608 853 689 viris,
878 607 1013 674 alterum
1033 608 1072 674 de
1090 607 1221 675 urbibus
1239 633 1352 698 cogno·

190 735 343 816 minibus3
368 756 451 799 unus
473 740 596 797 tantum
619 751 748 808 eorum,
772 728 827 816 qui
848 727 977 815 quidem
995 727 1034 794 de
1052 729 1211 795 Demetrio
1228 731 1353 818 scripse·

190 866 283 934 runt,
313 853 482 932 llullerus,
513 850 589 938 quid
614 851 662 916 rei
683 859 762 915 esset
783 848 957 935 perspexit;
982 845 1063 929 alter
1084 870 1176 914 error
1196 860 1293 916 natus
1314 861 1353 915 est

191 1000 231 1042 ex
254 973 392 1041 confusis
416 972 587 1052 ὁμωνύμως
613 981 645 1036 et
666 968 852 1048 συνωνύμως
883 980 914 1033 et
936 968 1031 1034 variis
1054 967 1153 1034 modis
1174 967 1226 1035 hic
1248 991 1352 1055 pecca·

191 1103 345 1173 tumeat,
374 1115 473 1180 quum
497 1090 656 1178 quodnam
680 1090 847 1155 discrimen
870 1088 952 1154 inter
974 1088 1122 1168 ὁμύνυμυ
1145 1097 1177 1154 et
1194 1091 1353 1170 συνύνυμυ

142 1243 146 1252 ·
190 1211 398 1282 intercederet
423 1235 488 1277 non
519 1233 627 1277 omnes
655 1210 729 1276 satis
750 1208 967 1275 observabant.
1012 1210 1215 1276 Casaubonus
1237 1209 1252 1273 ὁ
1276 1208 1353 1274 adas

191 1337 224 1402 in
252 1344 328 1400 nota
357 1331 397 1398 ad
426 1332 599 1419 Diogenem
634 1329 795 1396 laertium
828 1327 866 1418 (1.
890 1328 945 1418 38)
979 1329 1096 1416 optime
1131 1340 1301 1395 monuerat
1328 1330 1354 1392 in

190 1451 378 1533 Plutarcho,
397 1450 592 1517 Demetrium
604 1451 635 1514 ἐν
646 1457 711 1521 τοῖς
726 1447 794 1529 περὶ
818 1447 998 1526 συνωνύμων
1016 1447 1175 1528 laudanti,
1195 1449 1356 1536 corrigen-

191 1575 268 1641 dum
305 1595 371 1638 esse
401 1573 432 1636 ἐν
457 1578 522 1643 τοῖς
549 1569 618 1650 περὶ
640 1567 825 1666 Ιὁμωνύμων,
858 1578 890 1634 at
912 1569 1040 1638 Vossius
1069 1569 1112 1634 ita
1134 1568 1355 1657 corrigendum

191 1692 335 1783 negavit,
359 1712 452 1770 nam,
480 1689 599 1776 inquit,
627 1687 667 1754 de
688 1688 830 1775 utrisque
852 1697 961 1777 egerat
970 1688 1164 1770 Demetrius3
1188 1687 1355 1754 illeautem

190 1836 257 1879 non
279 1810 382 1878 solum
403 1809 436 1874 in
458 1809 542 1876 hanc
564 1808 676 1875 falsam
696 1808 875 1896 opinionem
898 1807 1050 1873 inciderat
1069 1807 1123 1873 sed
1145 1831 1185 1873 ex
1208 1808 1356 1874 memoria

186 1930 411 1999 -Gasauhonum
441 1929 624 2015 vituperans
646 1927 733 1994 bunc
763 1926 940 1994 crediderat
967 1927 1140 2015 Diogenem
1171 1929 1355 2004 correxisse,

192 2052 246 2120 sed
268 2051 400 2118 humani
423 2048 498 2137 quid
519 2048 630 2118 Vossio
651 2047 798 2114 accidisse
821 2057 853 2113 et
869 2046 1031 2113 Plutarchi
1054 2069 1091 2113 ac
1110 2047 1258 2136 Diogenis
1276 2047 1357 2114 locos

194 2170 370 2238 confudisse
393 2167 527 2235 ostendit
547 2168 693 2256 Baylius;
719 2167 802 2232 idem
826 2188 901 2232 vero
922 2165 1068 2254 Baylius,
1094 2167 1276 2254 ceteroquin
1302 2167 1356 2232 fes·

192 2292 257 2356 tiva
279 2287 435 2376 quaedam
459 2299 494 2355 ut
515 2287 595 2354 solet
616 2285 656 2352 ad
679 2309 738 2352 sua
760 2285 799 2352 dc
817 2286 975 2352 Demetrio
987 2309 1163 2373 apponens,
1177 2285 1358 2352 Casaubono

192 2419 223 2477 et
245 2409 348 2475 lonsio
375 2405 656 2494 obtemperandum
683 2428 749 2471 esse
774 2429 839 2470 non
865 2404 942 2470 vidit
964 2415 994 2471 et
1016 2404 1095 2471 nibil
1117 2404 1291 2492 quidquam
1315 2407 1357 2470 in·

192 2541 307 2597 teresse
335 2538 443 2595 utrum
474 2526 641 2606 ὁμωνύμων
670 2548 712 2592 an
742 2525 922 2605 συνωνύμων
952 2525 1107 2591 scribatur
1133 2537 1250 2592 temere
1272 2525 1358 2592 dixit

192 2648 291 2716 Iidem
326 2669 450 2714 errores
483 2647 522 2713 ad
555 2656 695 2733 posteros
728 2645 894 2732 propagati
927 2654 1010 2710 sunt.
1068 2645 1232 2710 Clintonus
1267 2646 1358 2736 (Fasti

193 2768 276 2837 Hell.
300 2769 357 2834 ΙΙΙ.
381 2790 413 2855 p.
438 2767 514 2833 544.
536 2763 605 2855 (Ed,
625 2767 670 2830 2³⁰
690 2788 721 2852 p.
745 2764 823 2853 565)
850 2763 935 2829 locos
962 2763 1016 2829 ubi
1038 2764 1187 2831 Demetrii
1208 2767 1360 2854 Magnetis

193 2910 310 2955 nomen
333 2885 473 2953 occurrit
500 2883 649 2951 indicavit
670 2893 702 2949 et
724 2883 813 2970 quasi
841 2883 903 2948 tria
926 2883 993 2948 eius
1015 2906 1111 2970 opera
1133 2887 1236 2972 posuit
1259 2909 1359 2952 unum

194 3004 442 3091 replicandae,
467 3003 602 3070 alterum
626 3003 798 3084 ὁμύυυμσυ,
823 3004 950 3069 tertium
971 3004 1038 3086 aspi
1060 3007 1252 3085 συνωνύμων.
1276 3006 1359 3072 Clin-

193 3138 305 3194 tonnm
328 3136 453 3192 secutus
471 3134 517 3190 est
538 3126 819 3204 Westermannus3
841 3122 893 3189 bic
911 3135 1132 3211 praeterquam
1152 3125 1184 3190 in
1202 3124 1361 3212 Eloquen-

194 3249 255 3314 tiae
289 3230 424 3312 Historia
457 3256 505 3311 ter
537 3243 732 3310 Demetrium
767 3244 888 3333 attigit,
924 3245 1062 3331 primum
1097 3246 1130 3310 in
1165 3246 1362 3328 Quaestioni·

195 3368 255 3433 bus
275 3364 538 3444 Demosthenicis,
563 3375 630 3430 tum
664 3363 697 3428 in
731 3362 865 3429 editione
898 3365 999 3434 Vossii
1032 3364 1104 3431 libri
1134 3364 1173 3431 de
1202 3366 1363 3432 historicis

195 3487 338 3565 Graecis,
371 3484 506 3573 denique
530 3485 562 3549 in
584 3483 687 3550 Paulii
716 3483 886 3549 Thesauro.
923 3485 959 3547 ln
983 3494 1058 3549 nota
1081 3483 1120 3550 ad
1142 3485 1243 3554 Vossii
1265 3487 1363 3552 verba

194 3607 305 3674 eodem
316 3629 380 3693 quo
401 3606 528 3675 Vossius
550 3626 658 3670 errore
670 3612 811 3682 tenetur,
835 3602 965 3672 Vossius
982 3603 1066 3668 enim
1085 3605 1238 3670 memoria
1255 3603 1372 3694 lapsus¹

195 3725 370 3796 crediderat
402 3721 621 3791 casaubonum
655 3723 826 3789 correxisse
858 3723 1031 3811 Diogenem
1055 3722 1130 3790 dum
1153 3723 1372 3816 Plutarchum,

194 3853 391 3924 correxerat,
415 3845 736 3922 etWestermannua
756 3864 859 3928 neque
871 3842 1045 3909 Casauboni
1055 3867 1159 3931 neque
1169 3843 1274 3932 Baylii
1291 3868 1364 3912 ver-

194 3965 242 4032 bis
262 3967 377 4032 iterum
399 3964 565 4052 inspectis,
600 3985 619 4028 a
652 3963 762 4032 Vossio
794 3961 852 4028 sibi
886 3963 1005 4049 imponi
1034 3985 1144 4050 passus
1173 3976 1236 4046 est,
1261 3989 1363 4053 quum

195 4094 287 4153 antea
308 4085 342 4151 in
365 4084 427 4167 Qu,
450 4085 539 4150 Dem.
563 4084 617 4151 IV.
641 4105 673 4169 p.
697 4081 752 4149 39.
776 4080 853 4169 quid
874 4083 1076 4150 casaubonus
1099 4083 1225 4152 dixisset
1245 4086 1366 4153 intelli-

194 4228 273 4295 gens
290 4205 473 4272 novissimos
496 4201 660 4270 Plutarchi
681 4201 814 4269 editores
833 4202 889 4289 qui
906 4203 1089 4271 Casaubono
1108 4204 1365 4293 obtemperarant

194 4322 447 4412 reprehenderat.
494 4322 581 4391 Idem
610 4322 824 4390 coniecturam
854 4321 1023 4390 admodum
1053 4323 1208 4392 infelicem
1233 4327 1367 4414 protulit
