2848 4546
655 294 719 358 117

98 514 306 593 describebat,
330 525 366 581 ut
387 514 556 580 ostendunt
579 513 710 580 verba'o‘
732 515 758 580 δ’
779 509 841 579 νύν
860 511 1044 596 Φιλόσοφος.
1081 515 1166 579 llaec
1182 512 1266 578 enim

98 657 163 700 non
189 632 230 700 ad
255 633 503 720 Misanthropum
526 632 697 711 trahenda,
729 633 810 698 sicut
838 631 911 698 fecit
938 632 1117 720 Menagius,
1145 630 1268 696 nescius

97 755 271 842 Diogenem
301 752 472 840 particulas
501 753 551 826 δὲ,
588 747 654 826 οὖν,
685 751 806 831 μέντοι,
839 753 873 828 δὴ
897 751 940 816 ibi
963 751 1097 817 orationi
1119 772 1193 816 suae
1216 750 1264 814 in·

97 883 281 960 terponere,
305 872 359 937 uhi
382 871 421 937 ab
444 871 512 938 aliis
534 871 574 937 ad
597 871 659 936 alia
685 870 933 959 transgreditur,
958 868 1075 936 autad
1102 871 1264 957 superiora

98 992 277 1058 revertitur.

665 1165 704 1232 Φ.

572 1387 796 1456 ΦΙΛΟΛΑΟΙ.

142 1592 301 1660 Philolaus
331 1592 511 1658 Crotoniata
541 1589 769 1680 Pythagoreus.
803 1591 1008 1678 Diogenes
1037 1590 1071 1654 L.
1098 1592 1183 1660 VIII.
1208 1591 1262 1660 85.

96 1711 204 1778 τοῦτόν
227 1718 306 1795 φησι
325 1712 500 1794 Δημήτριος
529 1713 560 1775 ἐν
584 1709 753 1790 ὁμωνύμως
779 1711 895 1792 πρῶτον
920 1710 1058 1774 ἕκδωύνωι
1082 1715 1141 1775 τῶν
1161 1713 1266 1776 Πυθω-

97 1838 225 1912 γνρικῶν
253 1832 321 1914 περὶ
351 1832 494 1915 φύσεως,
524 1827 562 1896 ὧν
589 1833 606 1905 ἡ
635 1829 720 1910 ἀρχὴ
746 1827 810 1907 ἥδε·
839 1828 963 1911 ,,Φύσις
989 1830 1015 1894 δ’
1037 1829 1067 1894 ἕν
1094 1831 1135 1910 τῷ
1159 1829 1264 1912 κόσμῳ

96 1950 241 2032 ἁρμύχύν
264 1953 301 2036 Ιἐξ
329 1951 462 2031 ἀπείρων
481 1976 517 2015 τε
543 1949 596 2016 nal
625 1949 827 2032 περαινόντων
859 1949 912 2014 nal
942 1944 1011 2020 ὅλως
1037 1948 1051 2012 ὁ
1074 1947 1187 2028 κύσμως
1212 1950 1264 2015 nal

97 2069 141 2134 τὰ
162 2071 193 2132 ἕν
219 2072 303 2152 ωύνῷ
326 2069 469 2136 πύντω.”

142 2188 258 2275 Magna
281 2187 319 2253 lis
340 2198 400 2266 est,
425 2211 465 2253 an
489 2188 579 2256 Plato
601 2191 634 2256 in
654 2189 870 2277 componendo
892 2190 1020 2255 Timaeo
1038 2189 1169 2276 aliisque
1191 2190 1262 2256 dia·

96 2306 177 2396 logis
196 2307 341 2394 expilarit
363 2306 497 2374 Philolai
526 2320 588 2376 tres
619 2310 715 2376 libros
745 2309 783 2375 de
814 2331 923 2375 rerum
950 2319 1082 2386 natura,
1111 2331 1190 2396 quos
1208 2333 1265 2397 per

6 2499 8 2512 .
95 2429 229 2493 Dionem
256 2450 350 2493 suum
379 2437 490 2493 nactus
513 2440 600 2497 esset.
645 2431 684 2496 cf.
716 2430 779 2496 Cic.
803 2428 842 2494 de
868 2432 945 2515 Rep.
969 2431 994 2493 Ι.
1021 2431 1079 2508 10,
1103 2429 1211 2496 Groen
1233 2452 1263 2498 ν.

95 2550 149 2617 Pr.
173 2549 259 2615 Pros.
280 2547 364 2613 Plat.
383 2572 414 2635 p.
435 2550 578 2618 ‹st-66.
612 2552 657 2616 Eo
680 2550 812 2615 crimine
830 2550 858 2614 ei
878 2548 917 2614 ab
936 2549 1123 2614 Aristoxeno
1139 2560 1265 2639 postea-

95 2661 210 2756 quea
236 2669 369 2733 Timone
402 2668 595 2758 sillographo
630 2669 750 2735 obiecto
783 2668 836 2758 (cf.
863 2667 1077 2756 Menagium),
1101 2668 1264 2735 Platonem

93 2788 196 2852 teneri
217 2810 282 2852 non
304 2810 433 2874 prorsus
463 2799 559 2876 negat
577 2787 840 2865 Valckenaerius,
873 2786 905 2852 in
928 2785 1059 2852 diatribe
1079 2786 1117 2852 de
1139 2787 1264 2852 Aristo-

93 2906 171 2972 bulo
200 2931 230 2993 p.
259 2907 300 2972 65
330 2919 361 2972 et
387 2911 446 2988 78;
477 2918 574 2997 negat
606 2920 637 2974 et
667 2909 749 2973 inter
779 2907 1057 2992 Peripateticorum
1092 2905 1265 2973 calumnias

94 3027 224 3092 reiicere
248 3038 381 3092 conatur
402 3029 554 3093 huzacius
576 3029 609 3093 in
632 3030 729 3094 hectt.
754 3027 817 3094 An.
842 3049 873 3112 p.
900 3026 962 3090 195
987 3047 1072 3112 seqq.
1092 3035 1124 3090 et
1140 3050 1171 3112 p.
1186 3028 1261 3092 241.

93 3145 167 3208 Post
185 3142 241 3209 hos
265 3146 347 3211 viros
368 3147 569 3234 peculiariter
591 3146 629 3212 de
648 3146 791 3214 Philolao
814 3146 878 3234 egit
899 3144 1083 3210 Boeckhius.
1120 3146 1261 3230 Denique

94 3263 201 3330 Groen
224 3287 254 3332 v.
279 3265 330 3331 Pr.
355 3267 441 3332 Pros.
465 3267 544 3332 Plat.
568 3290 599 3354 p.
624 3267 756 3332 57-70
781 3266 904 3352 copiose
923 3264 1073 3344 ostendit,
1099 3265 1154 3351 qui
1172 3263 1261 3328 Plato

94 3383 127 3446 in
154 3383 241 3447 omni
262 3382 327 3450 fere
350 3383 563 3473 philosophiae
594 3396 683 3472 parte
706 3384 919 3473 Pythagoreos
937 3384 1113 3471 plurimum
1135 3393 1261 3450 secutus

94 3503 142 3568 sit.
187 3504 234 3568 De
256 3502 398 3570 Philolao
432 3506 610 3572 Crotoniatas
643 3502 713 3570 vida
744 3503 893 3570 Dahrium
924 3504 957 3568 in
987 3503 1089 3569 Paulii
1110 3503 1200 3569 Thes.
1220 3505 1259 3573 V.

97 3644 129 3708 p.
155 3622 241 3688 1521
265 3646 329 3710 seq.

139 3742 250 3806 Denuo
284 3744 388 3809 omisit
420 3745 574 3833 Diogenes
607 3745 784 3826 ὁμωνύμους
816 3744 1000 3811 exscribere.
1058 3745 1115 3809 Hic
1148 3742 1261 3808 melius

94 3883 192 3949 quam
214 3862 247 3926 in
270 3861 445 3928 Onesicrito
466 3867 616 3953 lsaeoque
639 3887 689 3931 res
710 3864 800 3930 nobis
820 3864 917 3930 cedit:
943 3887 1025 3929 unus
1048 3875 1132 3930 certe
1153 3861 1259 3926 Philo-

94 3979 164 4047 laus
186 3991 343 4067 superest,
367 3983 419 4048 cui
441 4006 533 4048 suum
557 3985 589 4050 in
611 3985 769 4050 Demetrio
792 3982 898 4050 locum
917 3982 1048 4049 reddere
1071 3983 1172 4048 liceat.
1203 3981 1285 4045 Hic.

94 4100 229 4180 ἀρχιιῑως
265 4099 348 4166 πύνν
376 4102 570 4183 Corinthius,
601 4127 640 4170 ex
670 4103 861 4170 nobilissima
891 4101 1139 4168 Bacchiadarum
1167 4108 1261 4188 gente

95 4229 199 4300 ortus,
224 4230 294 4308 post
315 4220 367 4289 Ol.
394 4221 444 4290 13.
469 4221 555 4313 leges
576 4225 698 4311 scripsit
714 4222 878 4290 Thebanis.
903 4222 942 4291 cl.
966 4222 1092 4288 Aristot.
1116 4220 1206 4285 Polit.
1219 4221 1261 4286 II.

99 4339 128 4404 9.
154 4340 192 4420 6,
216 4340 328 4410 Euseb.
350 4342 467 4410 Ghron.
491 4345 515 4411 I.
541 4367 571 4431 p.
596 4343 672 4410 413.
696 4345 728 4410 in
751 4342 853 4410 Paulii
875 4343 964 4412 Thes.
989 4343 1010 4408 l.
1031 4341 1053 4410 l.
1078 4339 1198 4408 allatos.
