2848 4546
708 273 750 336 94

145 522 264 567 errasse
292 499 434 566 constat?
468 495 521 586 (cf.
545 496 670 563 Clinton
694 496 727 560 F.
751 497 790 560 Η.
814 516 833 560 a
857 494 932 562 353.
957 495 1098 562 Niebuhr
1120 499 1212 566 Vort.
1235 496 1319 562 siber
1410 519 1411 574 i

147 618 231 685 alten
254 617 391 683 Lander-
415 640 448 684 u.
471 615 623 686 Volkerh.
644 638 674 702 p.
689 615 779 703 295).
825 618 946 684 Verum
969 616 1061 683 aliter
1083 641 1115 683 se
1130 641 1184 684 res
1201 615 1316 695 habet,

147 749 179 805 et
200 749 343 826 tempora
364 746 439 803 sunt
461 734 697 824 distinguenda:
724 757 789 800 una
811 734 983 823 eademque
1006 737 1082 803 urbs
1104 749 1150 804 est
1171 737 1319 802 Methone

147 859 279 926 Thracia
291 867 322 923 et
339 856 550 936 Macedonicam
576 878 657 941 quae
675 855 819 920 Methone
832 865 903 920 ante
926 857 1106 944 Philippum
1134 858 1193 923 fuit
1216 841 1318 924 Thra-

149 980 215 1045 ciae
237 978 332 1056 urbs,
356 1000 393 1042 ea
416 977 454 1042 ab
476 975 533 1041 illo
551 986 732 1062 expugnata
751 985 846 1040 estet
864 976 952 1063 regio
971 977 1197 1042 circumiacens
1214 978 1320 1042 Mace-

148 1097 261 1164 donica
280 1097 361 1163 facta
380 1106 435 1162 est.
458 1095 558 1186 (Diod.
579 1097 610 1163 S.
628 1096 715 1160 XIII.
736 1094 791 1160 34.
809 1095 959 1162 Niebuhr.
979 1097 1069 1165 Vort.
1088 1120 1119 1183 p.
1132 1095 1224 1186 225).
1247 1098 1320 1162 Non

149 1218 282 1297 mirum,
306 1218 332 1281 si
348 1239 416 1280 eam
444 1215 632 1281 Plutarchus
663 1213 741 1279 dixit
767 1213 950 1293 Thraciam,
980 1215 1035 1301 qui
1064 1213 1102 1279 de
1126 1215 1321 1301 temporibus

148 1337 370 1427 mythologicis
404 1336 529 1402 locutus
565 1357 621 1400 sua
644 1332 791 1399 hauserat
814 1356 853 1398 ex
880 1333 1009 1398 κτίσεων
1033 1334 1201 1419 scriptore,
1237 1333 1321 1399 forte

149 1482 189 1524 ex
211 1454 398 1534 Aristotele,
422 1456 511 1520 cuius
543 1452 729 1519 Μεθωναίων
755 1451 906 1518 Eutresia
938 1453 977 1518 ab
999 1452 1162 1518 Athenaeo
1184 1477 1215 1540 p.
1240 1453 1319 1520 235.

150 1576 300 1644 laudatur
329 1584 361 1640 et
382 1572 555 1639 Aristotelis
589 1573 773 1660 fragmentis
807 1570 982 1638 aMullero
1013 1572 1150 1638 collectis
1177 1571 1322 1639 addenda

150 1706 206 1762 est.
252 1693 430 1760 Eustathius
464 1691 504 1758 ad
536 1690 624 1758 Iliad.
649 1693 684 1758 B.
709 1715 739 1778 p.
764 1693 829 1757 328
863 1690 946 1780 (vide
975 1692 1142 1780 Wyttenb.
1173 1691 1214 1758 ad
1236 1693 1321 1758 Plut.

151 1816 212 1898 Qu.
237 1814 294 1880 Gr.
318 1837 348 1900 p.
376 1812 455 1902 293)
492 1812 624 1878 eandem
657 1811 852 1877 historiolam
883 1833 921 1878 ac
951 1810 1141 1878 Plutarchus
1169 1835 1320 1892 narrans,

150 1958 220 2001 eam
253 1933 484 1999 Macedonicam
519 1941 620 1998 vocat.
672 1932 800 1998 Accedit
832 1930 913 2010 huc,
949 1929 1034 2018 quod
1067 1956 1171 2019 neque
1204 1931 1322 2020 Scylax

151 2055 251 2140 546,
277 2053 331 2140 qui
354 2062 423 2139 post
455 2051 622 2118 Methonen
648 2075 667 2118 a
700 2051 845 2139 Philippo
872 2050 1009 2118 dirutam
1040 2052 1163 2139 scripsit
1188 2052 1320 2141 (Geogr.
1408 2149 1409 2156 ἵ

151 2174 225 2241 Min.
249 2172 298 2239 ed.
322 2171 436 2238 Mullcr
452 2195 483 2258 p.
512 2170 621 2260 xurv),
645 2195 748 2258 neque
776 2171 911 2250 Plinius,
946 2173 980 2237 in
1010 2171 1163 2237 ditissimis
1193 2173 1257 2237 suis
1283 2171 1321 2237 de

152 2291 353 2381 Geographia
383 2290 470 2357 libris
500 2290 770 2379 diligentissimus,
794 2290 960 2357 Methonen
983 2290 1148 2357 Thraciam
1172 2292 1321 2359 afferunt.
1408 2375 1409 2386 ἵ

151 2414 198 2477 Ne
216 2411 392 2499 Stephanus
412 2411 605 2497 Byzantinus
629 2409 755 2496 quidem
778 2409 817 2475 de
840 2410 963 2476 duabus
984 2408 1139 2476 Methonis
1161 2410 1211 2476 hio
1234 2411 1321 2498 cogi·

152 2530 253 2610 tabat,
276 2553 380 2617 neque
403 2529 487 2617 apud
506 2553 580 2595 eum
593 2529 722 2618 vulgata
740 2529 833 2596 lectio
856 2531 882 2596 3
902 2533 933 2596 ἐν
959 2530 1095 2612 Περσίδι.
1119 2531 1144 2596 ε’
1162 2531 1320 2612 Εὐβοίας,

152 2673 225 2717 cum
269 2651 436 2730 Meinekio‚
482 2651 536 2737 qui
582 2649 678 2736 paulo
722 2673 818 2736 supra
859 2652 893 2717 in
938 2650 1009 2717 loco
1051 2651 1196 2717 mutilato
1236 2663 1321 2718 recte

152 2793 268 2837 nomen
301 2769 495 2849 Mayvncr‘ac
531 2769 682 2851 restituit,
717 2769 868 2836 mutanda
891 2781 937 2837 est
965 2774 998 2836 in
1021 2772 1047 2836 ε’
1078 2773 1108 2858 ἕν
1131 2771 1266 2852 Περσίδι.
1291 2773 1320 2840 ς’

151 2889 302 2969 Εὐβωθως.

196 3009 289 3074 Certa
311 3030 361 3074 res
383 3019 430 3075 est
451 3011 644 3076 Demetrium
667 3012 844 3098 Magnetem
867 3033 932 3076 non
956 3012 1146 3077 recensuisse
1163 3009 1321 3100 Argolidis

152 3128 263 3195 urbem
288 3139 319 3195 et
341 3130 556 3214 peninsulam,
582 3152 662 3217 quae
685 3130 797 3195 Dorice
815 3129 948 3196 Μεθθνω
967 3141 999 3196 et
1017 3142 1137 3216 postea,
1162 3141 1200 3215 τῇ
1220 3141 1318 3215 κων),

152 3249 277 3326 Madian
303 3247 512 3337 (Ptolemaeus
528 3252 585 3318 Ill.
608 3251 659 3316 16.
684 3252 735 3336 19)
757 3250 857 3331 diota,
885 3250 1065 3340 (Pausanias
1084 3253 1124 3320 Il.
1146 3254 1198 3317 34.
1223 3253 1320 3338 scrip-

152 3367 192 3432 sit
212 3367 256 3433 τὰ
279 3368 412 3433 Μέθωνω
436 3378 467 3435 et
489 3370 520 3434 ἐν
541 3379 605 3442 τοῖς
629 3369 795 3460 Μεθθνως)
827 3370 906 3435 nihil
936 3395 1104 3438 commune
1132 3372 1226 3438 habet
1248 3394 1321 3437 cum

152 3487 280 3552 nomine
302 3486 442 3565 Μεθθνν.
478 3489 578 3554 Huius
600 3489 748 3564 Μεθθνως
773 3491 948 3556 Demetrius
967 3494 1093 3581 Magnes
1113 3493 1152 3558 ad
1171 3492 1319 3564 Μεθθνως

152 3606 277 3672 nonnisi
306 3608 501 3687 meminerit,
533 3631 627 3696 quam
654 3620 691 3675 ut
712 3609 852 3676 homines
874 3609 1073 3691 admoneret,
1098 3637 1138 3678 ne
1161 3635 1193 3677 se
1216 3621 1320 3676 trans·

152 3747 258 3792 versos
288 3726 340 3814 agi
366 3736 549 3813 paterentur
571 3722 589 3795 a
613 3730 737 3811 scribis,
762 3753 820 3818 pro
842 3731 1043 3797 insolentiore
1064 3733 1197 3798 Μεθθνω
1219 3734 1319 3798 notio·

153 3867 222 3911 rem
247 3845 375 3923 Μεθώνη
403 3847 670 3914 substituentibus.
716 3852 864 3919 Veterem
894 3851 980 3916 hunc
1007 3874 1146 3918 errorem
1175 3853 1238 3917 iarn
1259 3853 1319 3917 De·

152 3963 284 4029 metrius
306 3966 448 4052 Scepsius
461 3978 641 4046 notaverat,
666 3979 702 4034 ut
713 3968 825 4034 Strabo
843 3993 873 4056 p.
888 3971 951 4036 375
972 3971 1150 4036 luculenter
1168 3969 1316 4048 ostendit,

153 4083 243 4150 cuius
265 4082 362 4150 verba
397 4085 543 4172 ignorata
566 4086 737 4154 fuerunta
770 4089 942 4156 Scholiasta
964 4089 1004 4156 ad
1027 4091 1157 4158 Iliadem
1179 4091 1216 4158 B.
1241 4086 1316 4156 716.

152 4199 206 4286 (cf.
229 4200 334 4267 Cobet.
358 4204 397 4271 V.
421 4203 455 4268 L.
479 4227 510 4290 p.
534 4204 625 4293 370).
