2822 4540
674 301 717 365 47

595 528 792 586 APXTTAI.

151 759 349 848 Diogenes
371 760 406 826 L.
429 760 515 829 VIII.
540 761 593 826 82.
617 761 770 838 Γεγόνασι
790 761 816 826 δ’
833 763 990 843 Ἀρχῦται
1007 763 1169 846 τέτταρες·
1192 773 1273 848 πρῶ·

104 903 157 953 τος
194 879 287 952 αὐτὸς
322 874 420 952 οὗτος·
457 879 593 961 δεύτερος
628 888 840 957 Μυτιληναῖος
874 881 1031 960 μουσικός·
1068 885 1168 967 τρίτος
1202 887 1272 970 περὶ

103 1000 262 1082 γεωργίαις
301 999 551 1082 συγγεγραφώς·
582 999 731 1082 τέταρτος
761 1002 1086 1083 ἐπιγραμματοποιός.
1117 1003 1186 1072 ἔνιοι
1216 1008 1270 1072 καὶ

101 1120 251 1199 πέμπτον
272 1117 481 1200 ἀρχιτέκτονά
506 1124 623 1202 Φαοιν,
649 1115 684 1184 οὗ
705 1117 835 1201 φέρεται
861 1121 988 1200 βιβλίον
1012 1124 1080 1206 περὶ
1104 1132 1269 1207 μηχανῆς.

100 1239 206 1321 ἀρχὴν
223 1237 296 1319 ἔχον
312 1239 444 1314 ταύτην·
476 1237 589 1321 „Tabe
606 1238 692 1319 παρὰ
706 1238 843 1318 Τεύκρου
861 1241 1069 1322 Καρχηδονίου
1087 1243 1269 1319 διηκονοα.”

99 1359 171 1441 περὶ
196 1359 228 1426 δὲ
252 1363 305 1423 τοῦ
325 1363 471 1437 μουσικοῦ
493 1357 700 1438 Φέρεταινια)
725 1356 810 1432 τόδε,
843 1356 882 1431 ὥς
910 1359 1123 1443 ὀνειδιζόμενος
1148 1363 1199 1428 e’rrl
1226 1365 1269 1446 τῷ

98 1479 147 1558 μὴ
171 1477 389 1561 ἐξακούεσθαι,
412 1477 504 1543 εἴποι·
536 1478 596 1560 „rh
622 1477 685 1558 γαρ
707 1476 834 1558 ὄργανον
857 1479 931 1559 ὑπὲρ
951 1481 1027 1558 ἐμοῦ
1049 1481 1268 1566 διαγωνιζόμε-

99 1623 150 1664 νον
172 1596 305 1664 λαλεῖ”.

146 1717 243 1783 Utin
265 1715 431 1783 Aristotele
455 1715 594 1781 obtinere
618 1715 758 1782 videmus
780 1728 811 1782 et
833 1719 864 1783 in
885 1718 957 1784 aliis
974 1731 1121 1807 apparet,
1145 1719 1267 1808 Archy-

97 1848 147 1902 tas
170 1859 310 1924 quoque,
334 1835 551 1924 Pythagoreus
574 1835 782 1902 nobilissimus
804 1848 837 1902 et
857 1839 1002 1927 princeps
1027 1841 1060 1904 in
1083 1839 1268 1927 republica

95 1957 165 2034 vir,
197 1957 436 2044 cognominibus
458 1955 520 2020 suis
544 1951 658 2020 multas
679 1953 827 2021 tenebras
845 1953 984 2022 obduxit.
1030 1960 1120 2041 Quae
1150 1961 1265 2048 reliqui

95 2075 275 2162 Archytae,
300 2097 338 2140 eo
356 2085 412 2140 aut
429 2075 568 2140 iuniores
587 2085 642 2140 aut
662 2075 852 2162 autiqqures
870 2079 1033 2163 scripsere,
1053 2101 1091 2144 ea
1109 2079 1148 2145 ad
1164 2101 1266 2148 unum

96 2195 319 2283 philosophum
352 2195 573 2273 trahebantur,
608 2205 640 2260 et
669 2213 762 2261 suum
791 2196 904 2283 cuique
931 2196 1069 2263 tribuere
1090 2221 1132 2264 ne
1153 2200 1265 2266 Deme·

96 2317 178 2381 trius
207 2315 334 2403 quidem
357 2318 419 2381 iam
443 2317 553 2402 potuit.
600 2316 746 2380 Demetrii
772 2327 957 2381 coaetaneus
979 2319 1083 2385 Varro
1099 2316 1139 2382 de
1161 2321 1202 2383 R.
1224 2321 1265 2387 ll.

95 2439 123 2503 I.
152 2437 180 2503 l.
211 2434 353 2502 confudit
382 2436 563 2520 scriptorem
595 2433 634 2500 de
655 2457 691 2500 re
712 2433 829 2501 rustica
855 2455 927 2501 oum
951 2435 1150 2522 philosopho,
1180 2437 1264 2506 idem

95 2566 205 2642 postea
228 2555 301 2621 fecit
320 2555 497 2620 Columella
519 2557 545 2618 I.
571 2559 599 2620 1.
623 2553 798 2624 Varronem
827 2554 1013 2621 exscribens.
1059 2555 1265 2643 Philosophus

97 2675 227 2762 quidem
250 2698 313 2740 non
338 2673 429 2740 facile
453 2673 491 2739 de
511 2672 707 2762 agricultura
726 2675 898 2760 scripserit,
922 2675 1076 2739 siveram
1095 2684 1157 2752 est,
1180 2675 1265 2761 quod
1321 2749 1324 2759 ¹

96 2795 140 2860 ait
164 2794 354 2860 lamblichus
377 2793 415 2859 de
434 2795 507 2863 Vita
528 2793 619 2882 Pyth.
645 2796 659 2878 §
683 2795 758 2860 246.
790 2792 1007 2880 „Pythagorei
1037 2803 1170 2873 προνοεῖν
1201 2795 1264 2862 δεῖν

96 2891 221 2993 μαλλον
245 2913 372 2993 λέγουσι
394 2913 587 2995 Φιλοσοφίας
612 2913 629 2988 ἢ
655 2911 765 2991 γονέων
795 2912 847 2976 καὶ
881 2911 1059 2993 γεωργίας”
1091 2923 1149 2979 cet.
1183 2914 1264 2979 Item

95 3032 177 3097 liber
200 3032 267 3113 περὶ
296 3035 397 3098 αὐλῶν
421 3055 485 3097 non
508 3031 548 3097 ad
571 3031 808 3118 philosophum,
832 3041 868 3096 ut
889 3029 1067 3096 Athenaeus
1089 3055 1120 3118 p.
1147 3035 1211 3098 184
1233 3044 1265 3099 et

95 3153 162 3217 600
185 3150 347 3228 credebat,
379 3151 435 3216 etsi
461 3148 678 3246 philosophus,
710 3161 746 3216 ut
769 3171 877 3216 omnes
895 3150 1101 3240 Pythagorei,
1126 3153 1263 3221 musicae

93 3269 232 3336 multum
256 3270 415 3350 studebat,
444 3269 646 3359 (Gratenhan.
671 3273 696 3338 I.
717 3272 808 3358 aaa)
832 3269 885 3336 sed
904 3269 944 3335 ad
963 3272 1117 3338 musicum
1140 3271 1261 3359 Myrile-

91 3411 210 3454 naeum
232 3390 428 3476 pertinuerit.

137 3510 301 3579 Vitruvius
315 3511 386 3578 VII.
408 3510 507 3596 praef.
532 3512 614 3594 §la
639 3532 657 3575 a
678 3509 861 3597 philosopho
883 3510 1087 3576 architectum
1103 3523 1259 3600 segregat.

137 3628 463 3711 ἐπιγραμματοποιός.
509 3629 624 3694 Nullus
647 3630 728 3696 alius
750 3639 795 3695 est
819 3649 915 3715 quam
938 3630 1093 3718 Archytas
1114 3630 1260 3718 Amphis·

90 3749 204 3827 sensis,
236 3747 430 3814 Eratostheni
456 3761 488 3814 et
509 3749 701 3837 Euphorioni
727 3749 920 3816 Chalcidensi
943 3760 1044 3817 aetate
1064 3773 1200 3839 suppar,
1224 3762 1261 3818 ut

89 3869 258 3936 confirmat
286 3869 457 3934 lleinekius
479 3868 570 3936 Anal.
596 3869 685 3937 Alex.
710 3892 740 3957 p.
765 3871 808 3936 20
831 3880 863 3936 et
885 3870 1078 3950 ata-355,
1110 3871 1260 3964 Demetrii

89 3989 244 4077 Magnetis
273 3998 379 4054 tamen
409 3987 512 4055 verbis
538 4011 603 4056 non
634 4011 718 4057 usus.
770 3989 942 4056 Meinekius
967 3990 1147 4078 Archytam,
1177 3991 1260 4062 inter

88 4111 305 4191 ὅψαρτντιιιῶν
328 4109 493 4197 scriptores
516 4110 555 4177 ab
577 4108 738 4176 Athenaeo
760 4134 791 4198 p.
817 4110 881 4176 516
909 4107 1091 4189 laudatum,
1122 4107 1258 4175 eundem

91 4238 185 4314 atque
215 4227 466 4317 Amphissensem
497 4229 591 4297 fuisse
621 4229 804 4311 coniiciens,
840 4231 932 4296 affert
958 4229 1135 4317 opinionem
1162 4227 1257 4316 longe

94 4349 260 4438 potiorem,
290 4371 388 4440 quam
421 4348 537 4419 Zellius
573 4347 687 4441 (Paulli
715 4349 806 4419 Thes.
831 4351 856 4419 I.
880 4346 990 4438 DQ),
1015 4348 1070 4436 qni
1090 4357 1257 4434 postquam
