2822 4540
666 291 706 355 51

98 515 154 580 aab
177 517 285 599 σαφὴς
307 516 536 596 διηγήσασθαι,
562 515 622 580 hoo
641 535 817 603 cognomen
836 523 946 580 nactus
964 525 1032 580 erat
1048 515 1132 602 quod
1143 518 1269 589 δυνατὸς

25 687 30 698 .
98 633 241 718 γράφειν
264 635 455 714 habebatur,
480 633 590 700 eodem
612 657 705 699 sensu
727 634 932 720 peritissimus
955 657 1029 700 suae
1048 638 1179 722 quisque
1198 638 1273 701 artis

98 753 270 836 ἱστορικός,
301 755 466 835 μουσικός,
484 753 644 834 austrude,
673 753 812 834 λυρικός,
843 754 1019 829 πολιτικός,
1043 756 1194 837 ρ’κτρρικόρ
1218 765 1274 820 aut

99 873 260 949 ποιητικός
284 873 437 962 appellari
460 873 548 940 solet.

147 982 293 1072 ἕβδομος·
316 992 455 1072 peteuda.
492 995 684 1082 Smyrnaeus
702 1003 796 1059 notus
807 993 922 1059 Moschi
938 995 1070 1074 amicus,
1088 1018 1181 1082 quem
1194 1016 1272 1058 eun-

99 1112 175 1178 dem
210 1137 275 1179 esse
308 1136 373 1178 non
408 1136 516 1180 omnes
549 1113 706 1180 viderunt.
753 1115 933 1179 Rectissime
962 1138 980 1180 a
1009 1117 1166 1181 Demetrio
1195 1116 1273 1181 Bion

99 1233 219 1300 dicitur
229 1235 358 1313 μελικὸς
371 1235 517 1310 ποιητής,
538 1235 592 1321 qui
604 1244 729 1321 praeter
740 1233 910 1299 nunaut
930 1235 1024 1299 etiam
1047 1233 1108 1300 elia
1131 1244 1275 1322 poemata

100 1354 277 1441 pepegerit.

148 1471 269 1544 ἔνατος·
291 1474 418 1549 ποιητὴς
438 1471 614 1554 τραγῳδίας
634 1477 694 1537 τῶν
718 1478 880 1554 Ταρσικῶν
900 1472 1087 1552 λεγομένων.
1112 1475 1157 1537 De
1179 1475 1276 1535 Tarso

100 1599 133 1656 et
156 1591 197 1657 de
220 1591 352 1656 Tarsicis
374 1591 520 1657 classicus
543 1590 631 1656 locus
653 1601 698 1656 est
716 1592 877 1657 Strabonis
896 1615 927 1678 p.
950 1592 1032 1668 673,
1057 1591 1184 1678 egregie
1201 1589 1275 1654 illu·

100 1719 219 1776 stratus
242 1733 261 1776 a
285 1707 410 1776 summo
433 1711 502 1776 viro
529 1711 711 1776 Casaubono
741 1712 774 1776 in
803 1711 891 1777 ,libro
928 1711 966 1777 de
1000 1712 1143 1799 Satyrica
1173 1709 1273 1774 Poesi.

99 1831 305 1898 Casaubonus
327 1839 450 1909 autem,
474 1831 560 1896 nisus
582 1831 752 1905 Strabone,
777 1831 816 1897 de
839 1833 902 1896 suis
924 1832 1059 1897 maxime
1082 1831 1274 1916 temporibus

101 1950 227 2029 locuto,
252 1949 329 2015 dixit
351 1971 422 2014 sero
445 1974 503 2015 nec
527 1951 628 2016 multo
650 1963 722 2016 ente
746 1951 971 2039 Geographum
995 1952 1130 2036 coepisse
1155 1951 1274 2014 littera·

101 2091 178 2136 rum
212 2069 313 2135 studia
345 2069 429 2157 apud
459 2073 624 2136 Tarsenses
654 2071 780 2152 llorere3
818 2093 930 2135 verum
960 2081 991 2134 et
1018 2068 1105 2134 ultre
1127 2067 1275 2156 progredi

101 2188 193 2268 licet,
229 2200 265 2254 ut
294 2189 345 2254 hic
370 2191 449 2254 Bion
473 2200 504 2254 et
530 2191 706 2256 Demetrius
728 2191 883 2272 Ταρσικὸς
908 2188 1145 2270 σατυρορραφος
1169 2211 1188 2252 a
1210 2189 1274 2251 De-
1341 2231 1345 2242 ·

101 2309 218 2374 metrio
246 2311 389 2398 Magnete
426 2311 591 2375 memorati
633 2309 832 2391 confirmant3
876 2313 990 2375 Tarsus
1023 2308 1154 2374 florebat
1186 2316 1275 2394 post-

103 2450 202 2515 quam
233 2427 413 2494 Alexander
434 2432 566 2517 Magnus
589 2453 628 2495 ex
651 2431 783 2495 Graecia
811 2431 843 2494 in
865 2429 971 2494 Asiam
994 2428 1145 2493 bellatum
1169 2437 1275 2492 trans-

100 2548 198 2628 ierat3
231 2547 285 2612 diu
316 2558 388 2613 ante
416 2549 601 2613 Strabonem
632 2549 824 2636 Chrysippus
853 2550 977 2614 Stoicus
1005 2549 1093 2612 Tarsi
1122 2546 1274 2611 educatus

101 2667 180 2748 fuit,
204 2667 290 2733 unde
319 2667 399 2732 Solis
428 2676 521 2732 natus
551 2667 564 2730 ὃ
588 2669 731 2749 Ταρσεὺς
759 2691 885 2754 quoque
907 2667 1036 2745 dicitur;
1070 2665 1150 2730 alter
1174 2665 1270 2744 Cilix,

100 2788 226 2866 Crates,
245 2787 341 2853 Mallo
352 2786 521 2862 oriundus,
542 2786 575 2852 in
593 2787 716 2853 Ciliciae
733 2786 914 2872 metropoli,
934 2787 1052 2872 patriae
1068 2808 1142 2850 suae
1155 2785 1271 2863 vicina,

101 2907 279 2983 ἐπαιδεύθη.
339 2909 617 2986 Westermannus,
655 2906 712 2972 etsi
741 2907 770 2971 ei
809 2906 1009 2972 Caseubonus
1049 2905 1087 2970 de
1123 2905 1273 2990 tempori·

100 3025 161 3091 bus
179 3037 251 3091 ante
273 3027 458 3093 Strabonem
482 3028 543 3092 iam
568 3028 757 3113 praeiverat,
783 3029 915 3094 Tarsum
939 3026 1049 3091 litteris
1067 3025 1206 3089 floruisse
1229 3022 1269 3088 ab

101 3145 248 3234 Augusto
270 3146 310 3210 ad
331 3146 525 3211 Hadrianum
549 3146 679 3232 scripsit.
718 3146 844 3235 (Geseh.
868 3145 923 3210 der
945 3144 1069 3210 Bereds.
1093 3147 1127 3211 Ι.Ἰ
1146 3141 1236 3232 184).

146 3268 192 3330 116
215 3268 366 3330 statuario
395 3264 486 3330 etde
510 3264 666 3351 sculptore
689 3283 753 3330 non
778 3266 857 3330 alius
880 3265 968 3330 locus
990 3265 1122 3328 affertur
1144 3285 1163 3326 a
1184 3260 1269 3326 Sitti«

88 3386 155 3472 ‚gio
189 3385 222 3450 C.
257 3385 294 3450 A.
329 3406 360 3469 p.
398 3385 478 3462 107,
514 3382 598 3470 apud
628 3407 722 3470 quem
752 3407 810 3470 pro
832 3385 1021 3471 Hippocrate
1044 3379 1268 3470 corrigendum

101 3505 306 3592 Hipponacte.
330 3541 374 3552 -
396 3505 476 3568 Nota
498 3513 572 3569 sunt
589 3504 755 3589 Hipponax
776 3515 807 3569 et
825 3503 919 3584 μαχιρ
939 3499 1145 3576 Baburianae,
1168 3505 1268 3587 quum

101 3625 268 3711 Hipponax
290 3623 498 3702 Clazomenis,
529 3624 668 3711 Bupalus
698 3625 730 3690 in
757 3624 832 3690 Chio
856 3623 999 3711 degeret,
1031 3622 1085 3687 ille
1109 3622 1141 3686 in
1163 3620 1268 3687 iambo

101 3743 239 3829 quodam
263 3742 303 3808 ad
324 3743 406 3809 haue
429 3743 515 3808 litem
539 3745 706 3830 pertinenti
729 3745 822 3809 huius
844 3744 949 3808 Bionis
971 3743 1158 3808 meminerit.

146 3865 275 3928 Praeter
307 3863 437 3928 Bionem
460 3865 623 3930 Tarsicum
657 3865 765 3930 afferri
798 3863 875 3928 solet
909 3862 988 3927 alius
1020 3863 1098 3927 Bion
1129 3861 1268 3948 tragicus

101 3982 247 4071 Aeschyli
271 3983 375 4063 filius,
399 3985 557 4049 Demetrio
580 3985 715 4072 Magneti
738 3985 909 4070 ceterisque
932 3981 1093 4060 omnibus,
1118 3981 1267 4066 quiante

101 4104 230 4171 Suidam
242 4105 366 4184 vixere,
390 4105 526 4192 ignotus.
562 4104 672 4169 Suidas
694 4105 849 4190 scripsisse
872 4101 1010 4168 creditur
1032 4123 1062 4166 v.
1086 4098 1265 4178 Αἰσχύλοςι

99 4223 177 4306 ἔσχε
206 4225 237 4290 δὲ
268 4226 320 4291 καὶ
345 4225 425 4297 υἱοὺς
451 4225 628 4306 Τραγικρὺς
650 4226 720 4299 δύο,
744 4221 924 4306 Εὐφορίωνα
945 4222 998 4286 καὶ
1022 4220 1132 4284 Βίωνα.
1178 4220 1268 4282 Kus-

98 4352 182 4411 terus
201 4345 234 4410 in
249 4344 372 4413 duobus
389 4347 458 4413 Mss.
479 4346 625 4412 Parisinis
636 4346 756 4413 invenit
777 4343 942 4424 Εὐβιίιιια,
956 4342 988 4406 in
1003 4336 1266 4410 tertioEz'rar‘uva3

1047 4459 1090 4516 A*
