2848 4546
723 310 763 374 90

155 533 370 616 Ἰσοκράτειος·
382 531 482 614 τρίτος
501 531 707 612 ταφρωρύχος
721 528 916 613 Ἀλεξάνδρῳ
934 531 1039 596 σννθιν·
1054 530 1202 613 τέταρτος
1221 530 1332 597 ὁκθοιν

158 655 238 746 (τερ)
275 649 310 719 οὗ
343 651 502 741 λέξομεν)·
538 652 683 731 σέμττος
722 650 896 733 φιλόσοφος
940 649 1195 732 τεριτατκτικθς·
1239 649 1332 725 έκτος

155 774 407 855 Ἀκαδημαϊκός,
437 773 463 863 (θ
493 769 732 858 τρο(ιριρμένος)·
766 770 872 844 ἔνατος
900 769 1153 852 ἐπιγραμματων
1182 773 1330 848 τοικτθς·

156 894 284 967 δέκατος
307 892 468 976 Ταρσεθς,
492 889 667 974 φιλόσοφος
688 889 946 969 Ἀκαδημαϊκός..

201 1018 331 1095 πρῶτος.
389 1011 559 1078 lleinekius
593 1012 632 1076 H.
666 1010 700 1075 C.
734 1010 821 1075 Com.
856 1008 912 1073 Gr.
948 1029 978 1095 p.
1013 1010 1055 1074 58
1090 1008 1149 1075 hoc
1178 1008 1334 1096 Diogenis

157 1133 288 1211 Laertii,
320 1142 356 1197 nt
378 1129 542 1209 credebat,
572 1128 716 1216 catalogo
737 1150 797 1214 pro
815 1129 992 1194 testimonio
1014 1140 1099 1194 recte
1123 1152 1197 1195 usus
1219 1137 1333 1196 osten·
1420 1127 1421 1134 '

156 1252 219 1332 dit,
240 1252 370 1317 Suidam
388 1251 519 1338 pessime
542 1248 620 1314 duos
643 1247 822 1313 comoediae
833 1250 946 1314 veteris
958 1249 1096 1314 Cratetes
1105 1247 1240 1314 finxisse.
1264 1251 1332 1314 llle·

157 1371 219 1437 lius
240 1371 334 1436 etiam
345 1366 609 1458 Wyttenbachius
627 1368 659 1432 in
671 1347 765 1432 simili
778 1389 830 1447 re,
856 1367 1072 1433 demonstrans
1084 1369 1239 1434 Cratetem
1251 1370 1331 1434 Per·

157 1513 330 1582 gamenum
361 1501 392 1554 et
418 1487 576 1553 lllallotem
601 1510 702 1553 unum
726 1487 926 1575 eundemque
948 1487 1191 1577 grammaticum
1215 1488 1330 1569 fuisse,
1421 1541 1422 1544 ,

158 1624 194 1679 ut
216 1611 308 1678 hodie
330 1612 412 1676 inter
435 1631 544 1675 omnes
567 1619 704 1688 constat,
736 1632 800 1675 non
824 1608 893 1675 leve
915 1607 1095 1675 ducendum
1118 1633 1183 1675 esse
1207 1609 1335 1695 scripsit
1421 1627 1422 1664 ι

159 1730 244 1820 quod
273 1731 443 1819 Diogenes,
479 1727 534 1794 nbi
564 1730 767 1818 cognomines
789 1730 927 1797 Cratetes
956 1729 1123 1817 scriptores
1145 1740 1331 1809 enumerat,
1421 1701 1422 1712 ,

158 1851 334 1930 llallotem,
357 1873 422 1915 non
445 1850 519 1914 item
532 1851 764 1938 Pergamenum
780 1850 974 1930 nominaret,
988 1849 1140 1936 siquidem
1161 1851 1193 1916 in
1218 1875 1332 1918 recen-

159 1971 261 2039 sendis
285 1969 526 2061 cognominibus
548 1970 622 2035 viris
644 1970 786 2036 Laertius
808 1969 975 2058 diligenter
993 1972 1081 2057 sequi
1100 1970 1179 2036 solet
1194 1971 1332 2062 diligen-

158 2093 311 2158 tissimum
345 2091 529 2177 scriptorem
562 2091 756 2157 Demetrium
789 2092 966 2180 Magnetem
991 2090 1048 2180 (W
1048 2090 1168 2179 yttenb.
1193 2089 1232 2156 de
1265 2094 1332 2158 Pa-

160 2211 266 2278 naetio
287 2233 320 2297 p.
345 2211 413 2298 21).
1422 2202 1423 2210 θ

203 2332 249 2395 De
271 2343 395 2395 oratore
416 2331 574 2394 Isocrateo
595 2328 665 2394 vide
683 2328 853 2395 Ruhnken.
873 2332 911 2394 Η.
926 2331 978 2396 Cr.
997 2330 1053 2397 Or.
1067 2333 1091 2394 l.
1106 2330 1182 2396 370.
1198 2331 1328 2419 Bergm.

158 2460 190 2515 et
200 2450 370 2514 Westerm.
383 2447 495 2514 Gesoh.
510 2446 541 2513 d.
552 2447 678 2514 Bereds.
690 2449 715 2515 Ι.
730 2449 783 2516 50.
799 2449 924 2515 Tertius
934 2450 1058 2528 Crates,
1078 2449 1091 2513 ὃ
1106 2448 1327 2532 ταφρωρύχος,

158 2569 255 2635 homo
276 2568 348 2656 {non
375 2565 537 2656 ignobilis,
569 2568 624 2653 (ροί
654 2591 727 2634 cunr
757 2567 938 2634 Alexandro
963 2570 1078 2657 Magno
1098 2568 1267 2647 militabat,
1293 2579 1329 2633 ut

158 2690 292 2775 scriptor
313 2686 365 2753 hie
388 2688 543 2767 occurrit3
575 2687 697 2776 legerat
719 2688 802 2753 enim
826 2687 955 2753 eiusad
981 2687 1198 2753 Alexandrum
1221 2686 1327 2752 datam

159 2808 322 2895 epistolam
344 2805 457 2871 Strabo
480 2829 510 2892 p.
535 2808 617 2883 407,
649 2808 704 2893 (ροί
729 2809 950 2885 permansoria
977 2831 1050 2872 eum
1073 2817 1174 2874 vocat.
1220 2807 1328 2872 Crates

159 2938 355 2993 memoratur
374 2925 412 2991 de
431 2925 566 3011 coparde
586 2926 676 3005 lacu,
702 2949 796 3012 quem
815 2926 896 2992 fossa
919 2927 1066 3014 valloque
1089 2927 1231 3007 diremit,
1256 2939 1287 2994 et
1310 2951 1328 2993 a

158 3045 312 3113 Strabone
327 3057 358 3112 et
373 3069 393 3110 a
404 3044 562 3132 Stephano
578 3047 751 3134 byzantino
764 3069 795 3114 ν.
808 3049 954 3121 Ἀθῆναι,
974 3049 1028 3112 ubi
1043 3048 1232 3113 llleinekium
1244 3046 1328 3115 vide.

203 3167 381 3248 Τέταρτος,
407 3165 420 3228 θ
443 3165 532 3230 κθον.
571 3166 771 3254 Diogenes
789 3167 822 3232 L.
836 3168 891 3234 Vl.
911 3169 964 3232 88.
1001 3168 1078 3242 Φησὶ
1099 3168 1129 3232 δὲ
1150 3168 1327 3248 Δημήτριος

159 3286 328 3366 θΜοθγνκς
352 3285 524 3368 τρανσεζέτρ
552 3285 609 3350 τινὶ
632 3286 911 3366 παρακαταθέσθαι
936 3287 1117 3368 τοέργθριον,
1148 3286 1328 3366 συνθέμενον

159 3408 185 3470 εἰ
202 3407 259 3482 μὲν
278 3409 303 3472 οἱ
328 3406 439 3479 παῖδες
465 3406 582 3470 ἰδιῶται
610 3407 743 3484 γένοιντο
771 3407 950 3472 ἀκοδοῦναι·
981 3409 1006 3472 εἰ
1036 3408 1066 3471 δὲ
1090 3406 1259 3490 φιλθσοφοι
1285 3407 1328 3489 τῷ

159 3524 246 3606 δήμῳ
268 3525 438 3603 διανεῖμαι·
461 3526 589 3604 μηδενὸς
613 3525 675 3608 γθιρ
699 3526 828 3598 ἐκείνους
852 3527 1013 3601 δεήσεσθαι
1038 3530 1305 3609 φιλοσοφοῦντας.

215 3643 385 3723 Πέμπτος,
421 3644 596 3728 φιλόσοφος
628 3644 882 3726 περιπατητικός.
942 3647 1073 3734 Ignotus
1107 3646 1329 3732 peripateticus

160 3763 255 3849 ipsius
276 3762 451 3830 Aristotelis
473 3763 644 3852 discipulus
666 3764 778 3846 fuerit,
803 3765 888 3851 quod
910 3764 983 3831 inde
1002 3765 1149 3844 conficio,
1174 3766 1326 3851 quoniam

160 3880 282 3947 medius
305 3883 387 3948 inter
409 3884 580 3970 Cynicum,
604 3886 660 3970 (ροί
682 3885 711 3949 ei
733 3884 872 3971 aequalis
895 3893 927 3950 et
948 3884 1190 3964 Academicum,
1214 3885 1271 3971 qui
1292 3907 1330 3950 eo

158 4003 265 4068 iunior
291 4002 401 4082 fuerit,
433 4005 550 4091 positus
579 4015 641 4070 est:
674 4006 706 4070 in
735 4005 884 4070 Demetrii
912 4003 1062 4093 catalogis
1089 4004 1210 4090 saepius
1234 4002 1331 4070 cardo

159 4123 205 4187 rei
231 4135 372 4188 versatur
394 4124 427 4188 in
450 4123 655 4212 philosophis:
685 4124 733 4191 his
768 4125 822 4212 (ροί
853 4125 962 4190 ordine
991 4132 1228 4212 anteponuntur
1262 4147 1329 4190 eos-

160 4238 232 4306 dem
255 4251 356 4308 aetate
375 4264 502 4329 quoque
524 4245 764 4331 praecesserint;
791 4268 830 4311 ex
851 4244 912 4311 hac
932 4245 1053 4311 ratione
1073 4253 1191 4332 septem
1209 4244 1331 4331 priores

160 4359 298 4427 Cratetes
322 4360 432 4430 ordine
463 4361 688 4453 chronologico
718 4389 752 4432 se
782 4366 960 4454 excipiunt,
993 4365 1107 4453 quibus
1133 4363 1248 4452 reliqui
1272 4363 1332 4432 ad-
