2848 4546
742 310 806 378 100
892 385 894 393 ,

189 553 225 608 ut
247 542 440 608 demonstret
462 541 613 618 Cobetus‚
638 535 722 624 apud
744 536 883 602 Seuthen
907 556 1015 624 regem
1039 533 1114 613 fuit,
1139 532 1246 599 multis
1269 531 1360 598 annis

186 676 255 750 post
284 662 316 728 id
345 673 486 748 tempus,
517 681 617 745 quum
646 658 708 722 iam
732 655 824 722 liberi
846 653 1065 732 adoleverant,
1096 651 1254 718 Auabasin
1279 675 1359 718 con-

183 783 348 869 scripsisse.
607 847 609 852 ,

232 902 278 980 β’.
313 900 520 988 Diogenes
549 899 583 963 L.
614 897 655 963 ΙΙ.
685 897 738 962 56.
778 895 904 971 τέθνηκε
932 895 959 959 δ’
981 895 1011 958 ἐν
1041 892 1188 974 Κορίνθῳ,
1218 889 1256 965 cic
1278 896 1359 974 φησι

188 1023 363 1103 Δημήτριος
403 1020 416 1083 ὃ
453 1015 609 1098 Μάγνης,
645 1017 699 1092 ἤδη
736 1015 854 1090 hatath
887 1013 1014 1094 γνρκνὸς
1042 1014 1166 1084 ἱκκνῶς·
1200 1011 1286 1101 (άνῖρρ
1315 1013 1359 1076 τά
1413 1109 1414 1114 ¹

76 1199 78 1204 ,
187 1137 298 1208 raihta
322 1140 457 1220 γεγονὼς
482 1139 602 1218 άγοοθὸς
627 1137 680 1202 nal
705 1137 740 1210 δὴ
765 1133 992 1217 asteismos
1009 1132 1061 1197 κκὶ
1077 1130 1287 1214 φιλοκύνηγος
1303 1131 1358 1196 nal

186 1259 356 1333 τονκτνκάς,
373 1261 410 1331 ὥς
430 1261 537 1324 ἐκτῶν
554 1254 818 1338 συγγραμμάτων
840 1255 944 1329 δῆλον·
962 1253 1095 1332 εὐσεβής
1116 1275 1152 1316 τε
1165 1251 1218 1316 eet
1229 1250 1360 1334 φιλοθύ-

185 1405 242 1456 τνρς
262 1380 315 1444 κοά
338 1381 435 1460 ἱεροῖο
452 1378 619 1456 δνκγνῶνονν
638 1376 741 1447 ἱκοονος
764 1374 817 1439 us}
840 1371 1009 1455 Σωκράτην
1031 1371 1173 1455 ζηλώσας-
1192 1371 1359 1460 άκρνβῶς).

184 1502 262 1566 Cum
293 1499 452 1564 Demetrio
479 1497 610 1575 dicenti,
638 1495 881 1582 Xenophontem
911 1494 997 1559 senio
1026 1491 1206 1558 confectum
1229 1491 1358 1570 obiisse,
1413 1477 1414 1484 ά

186 1621 386 1686 consentiunt
408 1617 522 1703 reliqui
545 1627 653 1695 testes,
678 1615 832 1680 Diodorus
856 1613 981 1678 Siculus
1004 1614 1075 1680 XV.
1101 1611 1154 1680 76.
1178 1621 1210 1676 et
1236 1612 1360 1702 (Aueiae
1413 1639 1414 1642 ¹

186 1738 258 1828 nus)
284 1737 420 1804 Macrob.
447 1739 499 1804 21.
535 1735 628 1801 Solus
664 1735 840 1800 Demetrius
875 1733 965 1799 nobis
999 1741 1110 1798 auctor
1134 1743 1180 1797 est
1202 1755 1277 1796 eum
1299 1731 1359 1796 Co·

184 1858 281 1924 rinthi
303 1867 466 1922 mortuum
489 1879 571 1935 esse;
596 1877 660 1940 quo
682 1876 758 1919 vero
781 1876 865 1918 anno
888 1867 924 1918 ut
939 1876 1044 1938 neque
1062 1874 1150 1918 nuno
1168 1853 1211 1918 sic
1230 1875 1270 1917 ne
1283 1851 1359 1919 olim
1413 1901 1414 1932 ρ

185 1976 312 2064 quidem
337 1975 518 2042 constiterit.
543 1973 848 2040 cleriricorum
874 1985 907 2038 a⁰
934 1973 1116 2039 953et11.
1140 1995 1171 2058 p.
1198 1971 1274 2038 283.
1413 1953 1414 1972 ά

230 2097 276 2174 γ’.
311 2095 514 2183 Diogenes
540 2095 574 2160 L.
605 2094 647 2160 11.
677 2096 730 2158 57.
778 2092 966 2174 Συνέγρκψε
988 2093 1019 2158 δὲ
1040 2131 1084 2143 -
1109 2091 1162 2158 nal
1189 2091 1358 2168 Ἀθηναίων

183 2217 237 2281 ’κοά
274 2213 528 2294 Λκκεδκνροονίων
558 2211 744 2297 Πολοτενόον6
776 2212 809 2288 ἦν
845 2217 941 2295 φησιν
976 2214 1031 2278 οὐκ
1062 2209 1140 2278 sirac
1165 2211 1358 2290 Ξενοφῶντος

181 2336 197 2400 ὁ
221 2334 359 2413 Μάγνης
384 2336 570 2416 Δημήτριος.

228 2455 366 2537 Quinam
397 2454 603 2532 recentiores,
633 2453 828 2519 Demetrium
855 2451 941 2517 haud
972 2453 1088 2518 iniuria
1111 2452 1228 2530 secuti,
1261 2450 1360 2517 libros

184 2575 223 2640 de
254 2574 490 2640 Atheniensium
525 2584 556 2638 et
578 2573 898 2638 Lacedaemoniorum
921 2571 1085 2658 republica
1107 2593 1126 2636 a
1148 2570 1359 2658 Xenophonte
1413 2621 1414 2638 .

183 2695 448 2772 abiudicaverint‚
481 2716 534 2758 eos
564 2691 633 2758 vide
659 2693 743 2779 apud
765 2692 915 2757 Bthrium
942 2692 974 2756 in
998 2690 1100 2756 Paulii
1122 2689 1212 2757 Thes.
1234 2713 1264 2757 v.
1289 2693 1358 2755 Xe·

184 2814 312 2901 nophon
334 2815 389 2883 VI.
413 2837 443 2899 p.
469 2815 556 2878 rtet
579 2836 642 2898 seq.

227 2932 376 3013 δεύτερος.
412 2932 588 3019 Xenophon
618 2932 814 2998 Atheniensis
838 2933 942 2998 iunior
965 2933 1094 3019 eiusque
1113 2931 1211 2997 frater
1234 2930 1358 3018 Pytho-

183 3061 299 3117 stratus
325 3074 427 3137 neque
456 3052 564 3120 Vossio
591 3054 629 3119 H.
657 3052 714 3117 Gr.
739 3075 770 3138 p.
795 3053 859 3119 509
883 3053 942 3141 3W.
971 3075 1075 3137 neque
1098 3051 1234 3117 Mullero
1255 3051 1290 3118 F.
1316 3052 1355 3118 H.

183 3171 240 3237 Gr.
273 3169 399 3235 aliunde
429 3171 495 3235 noti
521 3182 615 3249 sunt,
646 3194 704 3258 pro
735 3171 952 3254 Πυθοστράτου
983 3183 1019 3237 ut
1040 3174 1162 3237 variam
1186 3172 1356 3238 lectionem

183 3290 259 3356 olim
284 3289 390 3354 attulit
411 3293 449 3356 H.
474 3289 650 3376 Stephanus
672 3291 902 3374 Νικοστράτου;
936 3315 1037 3378 quum
1061 3302 1168 3357 autem
1191 3295 1357 3382 Menagius

182 3411 257 3476 dicit
278 3434 310 3475 se
333 3410 567 3496 Pythostratnm
586 3419 711 3497 poetam
731 3411 805 3476 alibi
828 3411 934 3500 legere
957 3435 1020 3476 non
1041 3411 1236 3490 meminisse,
1260 3413 1369 3497 equi-·

181 3530 253 3596 dem
283 3528 381 3628 addo,
412 3553 452 3594 ne
479 3529 579 3595 altero
611 3530 736 3617 quidem
764 3531 835 3597 loco
868 3530 972 3596 adhuc
1007 3530 1082 3596 mihi
1116 3554 1232 3596 nomen
1256 3532 1355 3598 Πυθά-

181 3673 314 3733 οτρκτος
346 3649 534 3729 occurrisse,
558 3672 661 3735 neque
684 3661 789 3716 tamen
818 3651 849 3716 in
874 3652 967 3716 tantis
993 3651 1130 3716 tenebris
1152 3650 1212 3716 hoc
1235 3673 1355 3717 nomen

179 3769 352 3834 reiecerim.
394 3769 535 3843 Θνονρΐδοο
566 3779 695 3854 poema,
727 3792 745 3834 a
775 3769 965 3857 Pythostrati
992 3769 1169 3850 diversum,
1202 3769 1352 3850 laudant,

178 3889 307 3954 nomine
337 3890 473 3954 auctoris
501 3912 564 3954 non
595 3892 752 3976 apposito,
784 3891 965 3956 Aristoteles
996 3889 1034 3956 de
1065 3891 1192 3955 Poetica
1223 3913 1251 3956 c.
1278 3891 1297 3954 8
1323 3901 1355 3955 et

179 4007 368 4074 Plutarchus
396 4007 486 4074 Thes.
518 4031 544 4076 c.
571 4011 623 4076 28.
669 4011 748 4075 Cum
772 4011 937 4076 Aristotele
959 4023 990 4076 et
1012 4010 1184 4076 Plutarcho
1207 4009 1353 4076 conferas

182 4123 286 4195 Schol.
315 4124 404 4191 Pind.
433 4125 484 4192 Ol.
513 4130 553 4193 Χ.
580 4129 621 4193 83
651 4129 707 4194 ubi
740 4131 875 4213 Δίφιλος
901 4131 915 4194 ὃ
945 4130 1001 4205 τὴν
1032 4130 1174 4207 Darathe
1196 4129 1351 4205 τοοάτοος,

178 4271 272 4334 quem
302 4246 462 4332 Diphilum
493 4248 578 4313 satis
592 4251 757 4337 antiquum
781 4260 906 4337 poetam
929 4261 961 4316 et
982 4248 1190 4336 Aristophane
1212 4249 1352 4336 priorem

178 4367 271 4432 fuisse
298 4367 469 4434 Meinekius
500 4372 537 4434 Η.
569 4371 620 4438 Cr.
648 4372 681 4439 C.
712 4371 769 4439 Gr.
804 4396 835 4458 p.
867 4374 931 4438 449
962 4397 1002 4438 ex
1023 4370 1135 4437 Schol.
1152 4370 1245 4435 Arist.
1270 4369 1354 4435 Nub.
