2822 4540
689 273 730 335 46

132 512 265 570 testatur
294 501 332 566 ad
363 499 479 565 librum
510 499 592 563 28¹¹m
622 489 734 562 Netur.
771 494 848 560 llist.
882 493 1145 580 componendum.
1202 494 1299 582 Apud

131 623 268 692 Plinium
288 624 320 688 in
341 619 447 686 Indice
459 618 646 706 scriptorum
659 615 731 682 libri
744 617 797 680 281
808 624 868 682 est:
893 613 1064 700 „Orpheus
1075 614 1130 702 qui
1141 619 1296 698 Δοφοεΐς,

130 743 303 810 Archelaus
332 742 386 828 qui
412 739 520 806 item’'.
563 743 697 820 Δοφνεῖς
721 735 760 800 ab
783 734 946 802 Harduiuo
967 735 1137 822 repositum
1161 745 1210 804 est
1237 758 1299 822 pro

131 863 284 929 librorum
308 860 523 946 Diophios,
550 858 664 924 etiam
689 856 762 923 olim
777 854 949 922 Lobeckius
961 854 982 920 l.
995 855 1037 935 l.,
1056 855 1195 942 Orphica
1206 855 1297 922 illue·

130 993 234 1061 trans,
259 981 395 1047 correxit
417 977 565 1060 Ἰδιοφυῆ.

174 1099 337 1188 Menagius
369 1099 463 1164 lonsii
497 1096 677 1184 exemplum
711 1107 743 1162 et
776 1096 893 1182 ubique
925 1095 991 1162 fare
1025 1095 1122 1162 verba
1154 1106 1297 1175 secutus,

111 1221 299 1316 γὸροανύμοος,
323 1220 356 1284 in
379 1219 518 1306 Diogene
541 1217 665 1312 Latmia
686 1216 815 1281 servatis
841 1215 917 1281 alios
940 1238 1033 1282 omne
1059 1239 1160 1304 genus
1182 1215 1299 1284 addere

130 1340 225 1421 solet3
252 1362 324 1405 eum
348 1349 453 1404 autem
474 1359 587 1424 parum
609 1336 768 1402 doctrinae
786 1335 828 1401 ihi
846 1335 1020 1402 adhibuisse
1039 1358 1169 1402 monere
1187 1358 1297 1422 super·

130 1481 304 1526 vacaneum
327 1457 425 1537 foret,
457 1457 517 1522 nisi
542 1457 724 1522 etiamnunc
746 1467 957 1542 superessent,
998 1457 1053 1542 qui
1087 1456 1195 1544 magni
1228 1478 1297 1522 mo·

130 1581 228 1646 menti
258 1580 324 1644 eius
353 1578 593 1643 commentarios
622 1599 687 1641 esse
717 1575 875 1642 habendos
904 1586 1068 1644 censerent
1098 1575 1182 1664 (vide
1203 1574 1297 1642 Bahr.

131 1701 164 1765 in
197 1699 299 1764 Paulii
331 1697 421 1764 Thes.
457 1719 486 1760 v.
516 1697 717 1784 Diogenes
740 1695 948 1790 'Laertius)
975 1704 1006 1761 et
1028 1717 1086 1760 sua
1107 1717 1172 1760 non
1195 1695 1298 1761 multo

131 1818 269 1884 melioris
297 1828 407 1895 notae,
436 1816 485 1884 his
510 1825 738 1902 superstructa,
770 1814 976 1896 venditarent.
1032 1816 1073 1880 Et
1097 1814 1172 1880 alibi
1194 1825 1227 1880 et
1247 1813 1298 1880 hio

130 1937 281 2004 Dahrium
315 1935 428 2025 (Paulii
456 1935 545 2002 Thes.
570 1937 595 2001 l.
621 1934 698 2022 682)
723 1957 829 2000 secum
851 1934 885 1999 in
907 1955 1047 1999 errorem
1070 1935 1167 2000 traxit
1188 1936 1297 2000 Mena-

131 2058 202 2146 gius
230 2055 383 2122 scribens:
420 2055 586 2138 „Meminit
614 2051 760 2119 Archelai
782 2055 893 2142 tragici
916 2053 1112 2119 celeberrimi
1141 2054 1298 2120 Lucienus

131 2175 213 2241 libro
253 2175 292 2242 de
331 2173 562 2240 conscribenda
595 2173 762 2240 Historia.'’
820 2174 871 2238 At.
890 2175 1046 2239 Lucienus
1075 2173 1158 2261 (hist.
1189 2196 1298 2260 quom.

132 2313 252 2362 consor.
288 2313 315 2360 c.
352 2293 383 2381 1)
424 2315 488 2358 non
518 2291 558 2358 de
586 2291 707 2381 tragico
736 2301 864 2358 auctore
887 2291 940 2358 sed
962 2303 1068 2360 actore
1090 2292 1214 2358 locutus
1237 2302 1296 2358 est:

132 2414 262 2497 „atriae
308 2415 339 2479 δὲ
376 2437 427 2494 μον
466 2414 549 2480 δοκεῖ
586 2418 640 2478 τοῦ
674 2412 811 2478 σονούσου
845 2420 1026 2496 παρασχεῖν
1066 2410 1243 2492 Ἀρχέλαος
1282 2410 1296 2473 ὃ

132 2533 301 2615 σραγῳδδ
306 2559 337 2608 ς,
354 2536 518 2612 εὐδοκιμῶν
532 2531 620 2606 σόσε,
630 2537 801 2610 ,μεσοῦντος
817 2531 915 2614 θέρους
932 2533 962 2599 ἒν
977 2531 1083 2612 πολλῷ
1099 2531 1141 2612 rai
1156 2531 1296 2614 φλογμῷ

132 2654 337 2736 τραγῳδήσας
363 2656 468 2724 αὐτοῖς
491 2653 547 2727 σὴν
571 2650 810 2733 Ἀνδρορέδαν.”

176 2771 395 2855 τεχνογράφος
419 2773 524 2853 ῥήτωρ.
556 2771 658 2836 Homo
680 2771 817 2858 ignotus.
852 2773 922 2836 Non
944 2769 1069 2836 videtur
1089 2769 1153 2835 huc
1171 2769 1298 2841 trahen-

132 2890 191 2956 dus
213 2893 361 2977 antiquus
382 2892 607 2979 grammaticus
629 2890 753 2956 Laelius
769 2888 943 2956 Archelaus
957 2889 999 2980 (ν.
1014 2891 1036 2956 l.
1048 2889 1216 2978 Archous),
1236 2891 1298 2954 Lu-

27 3030 28 3034 ’
132 3009 195 3076 cilii
217 3011 436 3098 satyrographi
458 3012 612 3098 interpres
639 3013 736 3099 (Suet.
761 3011 799 3077 de
821 3009 941 3076 lllustr.
965 3033 1067 3098 gram.
1092 3011 1142 3097 2);
1166 3007 1219 3073 sed
1238 3007 1297 3074 hoc

132 3139 253 3195 constat
273 3129 483 3208 Archelaum,
508 3134 768 3218 grammaticum,
793 3132 885 3198 Cassii
907 3131 1093 3217 magistrum
1116 3137 1147 3193 et
1165 3127 1205 3193 ad
1224 3150 1297 3193 eum

131 3271 161 3313 a.
185 3252 228 3314 42
250 3247 446 3315 Rhodiorum
470 3250 629 3339 legatum,
652 3252 807 3317 iuniorem
831 3273 895 3316 esse
918 3271 1013 3335 quam
1036 3258 1072 3314 ut
1093 3271 1166 3312 eum
1186 3248 1298 3312 Deme·

132 3369 211 3434 trias
233 3368 386 3456 reciperet
412 3368 556 3459 (Appian.
580 3371 614 3435 Β.
638 3371 670 3436 C.
694 3373 749 3439 IV.
776 3368 842 3458 67.)
868 3368 907 3435 cf.
929 3389 1041 3454 supra,
1059 3390 1089 3455 p.
1109 3368 1161 3435 20.

175 3489 348 3577 Diogenem
377 3491 535 3555 Laertium
569 3490 658 3555 nobis
687 3490 836 3555 Demetrii
864 3489 1016 3577 Magnetis
1045 3486 1205 3576 catalogos
1235 3509 1299 3552 ser·

132 3629 237 3688 nasse,
261 3608 489 3675 Archelaorum
513 3631 638 3696 quoque
660 3610 754 3674 serias
776 3608 982 3675 demonstrat:
1006 3607 1084 3674 haec
1102 3609 1187 3673 enim
1205 3608 1300 3674 series

132 3749 197 3794 non
227 3727 321 3794 habet
350 3728 557 3808 Archelaum,
593 3729 805 3816 Cappadociae
834 3729 982 3794 ultimum
1011 3752 1134 3816 regem,
1166 3729 1221 3814 qui
1243 3750 1300 3793 rex

132 3847 306 3914 infortunio
340 3847 500 3915 coniectus
534 3848 709 3931 ὑπέργηρως
743 3850 863 3914 Romae
896 3846 987 3927 obiit,
1030 3858 1102 3912 ante
1139 3845 1301 3912 Strabonis
1402 3839 1403 3876 ³

134 3976 268 4034 mortem
292 3967 419 4055 (Strabo
441 3990 472 4055 p.
486 3966 563 4056 534)
586 3991 669 4034 auno
693 3966 758 4034 fere
783 3970 824 4034 17
848 3991 879 4054 p.
898 3966 971 4035 Chr.
995 3966 1131 4058 (Clinton
1143 3969 1176 4033 F.
1188 3969 1226 4032 ll.
1240 3968 1297 4034 Ill.

132 4110 164 4174 p.
189 4085 268 4177 438)
293 4095 326 4152 et
347 4086 437 4152 cuius
458 4107 537 4173 opus
558 4087 625 4168 περὶ
651 4089 740 4153 Alter
765 4087 883 4154 Plinius
909 4088 941 4153 iu
964 4087 1124 4157 Natllist.
1138 4084 1299 4154 condenda

131 4206 228 4274 trivit.
