2822 4540
611 270 650 332 ll

65 491 133 558 inira
158 492 375 579 Menipporum
406 489 532 578 seriem)
563 512 659 578 quam
683 493 810 579 egregie
834 491 904 556 usui
926 491 966 556 sit
987 491 1163 558 Demetrius
1184 494 1217 560 in

64 613 219 698 iisquoque
229 609 448 698 scriptoribus,
472 632 609 696 quorum
629 623 713 676 aetas
729 609 857 676 aliunde
874 611 995 677 incerta
1012 611 1087 678 hino
1103 614 1216 680 arctio·

63 730 135 796 ribus
158 729 273 797 linibus
303 729 517 798 circumscribi
545 740 663 818 potest;
688 729 720 796 id
742 731 785 795 ita
808 739 914 796 tamen
937 730 1072 797 ostendit
1094 745 1129 798 ut
1151 756 1216 799 non

62 874 90 916 re
108 851 266 938 explorata
287 851 341 917 sed
364 850 518 938 probabili
540 853 716 938 suspicione
740 874 773 916 se
792 851 839 916 uti
859 851 997 938 prudens
1015 852 1215 940 significaret.

61 971 94 1035 lt
118 969 187 1037 licet
216 995 257 1038 ex
284 970 341 1036 illa
369 971 543 1058 suspicione
569 994 732 1060 emergere
755 982 786 1036 et
808 969 848 1036 ad
870 970 1026 1058 liquidum
1048 995 1116 1040 rem
1139 997 1215 1062 per·

61 1091 174 1172 ducere,
195 1115 246 1158 res
261 1091 345 1157 enirn
358 1092 423 1178 ipsa
443 1090 602 1178 loquitur,
625 1091 657 1158 id
675 1090 760 1178 qnod
781 1114 905 1178 semper
916 1091 1091 1178 plurimum
1114 1093 1213 1176 valet3

59 1220 84 1276 et
107 1221 225 1278 constat
255 1233 360 1298 neque
395 1210 542 1298 Diogenis
578 1211 693 1276 Laertii
720 1209 880 1276 doctrinae
909 1234 968 1278 neo
996 1212 1131 1300 cuipiam
1162 1213 1215 1280 alii

58 1332 106 1396 uisi
124 1331 283 1398 Demetrio
304 1330 442 1418 Magneti
464 1329 520 1395 bos
542 1329 649 1396 deberi
671 1329 844 1419 catalogos,
867 1349 942 1396 uam
964 1331 1057 1398 sicuti
1075 1354 1214 1418 quonam

57 1450 100 1516 ille
116 1460 257 1540 tempore
274 1451 387 1516 vixerit
408 1450 571 1529 novimus,
596 1449 640 1516 sio
663 1472 789 1537 quoque
812 1431 943 1537 apparet
965 1452 1212 1540 cognominesin

57 1569 180 1660 Diogene
222 1571 347 1638 Laertio
388 1578 527 1636 servatos
564 1567 605 1635 ad
641 1569 840 1636 scribendum
881 1570 1037 1658 appulisse
1070 1572 1212 1637 animum

56 1713 149 1772 suum,
181 1701 346 1779 praeterea
372 1690 500 1756 nullum
523 1688 653 1770 horum,
677 1712 781 1777 neque
802 1689 907 1756 ullum
931 1715 971 1758 ex
993 1690 1055 1757 illis
1077 1692 1212 1780 scripto-

55 1810 142 1892 ribus,
178 1811 236 1898 qui
268 1811 301 1876 in
336 1811 383 1877 bis
405 1809 557 1899 catalogis
574 1819 675 1894 testes
703 1809 892 1891 laudantur,
931 1812 1025 1877 fuisse
1053 1813 1212 1879 Demetrio
1254 1837 1260 1974 p

54 1940 139 1996 aetate
160 1931 335 2012 minorem,
360 1942 454 2019 atque
476 1930 554 1997 haec
581 1931 686 1997 omnia
708 1929 857 1996 stabilibit
877 1929 933 1996 illa
953 1935 1014 1996 τῶν
1038 1930 1210 2011 ύξωλὸγων
1258 1980 1262 1999 .

53 2049 274 2116 Demetriorum
296 2051 408 2128 series,
435 2049 607 2116 abeodem
630 2050 769 2137 Diogene
791 2048 880 2115 nobis
902 2059 1025 2116 servata
1042 2074 1082 2116 ex
1097 2051 1209 2116 Deme·
1256 2010 1264 2130 l

52 2170 101 2234 trio
120 2172 283 2258 Magnete,
312 2168 366 2256 qui
382 2168 464 2233 inter
485 2166 542 2233 hos
564 2192 596 2233 ae
617 2169 683 2256 ipse
705 2169 836 2235 laudare
860 2192 924 2236 non
947 2172 1050 2257 potuit
1071 2180 1102 2238 et
1121 2193 1209 2239 nunc

52 2289 164 2371 quidem
187 2311 227 2354 eo
250 2290 317 2374 ipso
339 2287 425 2373 quod
447 2309 511 2352 non
535 2288 643 2354 visitur
665 2287 854 2377 praefulget.

84 2409 245 2496 Nusquam
275 2407 378 2493 operis
406 2406 517 2472 titulus
545 2407 668 2495 integer
698 2417 876 2495 comparet,
908 2407 961 2474 sed
988 2418 1154 2478 truncatus
1176 2423 1208 2478 et

50 2539 221 2616 comptus,
246 2550 283 2594 ac
305 2527 373 2592 fieri
396 2527 449 2592 vix
471 2527 573 2614 potuit
594 2529 671 2614 quin
693 2528 797 2595 labem
821 2529 1035 2611 contraheret;
1060 2533 1093 2596 in
1105 2531 1203 2612 libro,

49 2649 93 2732 qui
112 2659 147 2714 ut
165 2648 318 2714 Demetrii
339 2647 473 2734 duplicis
503 2649 683 2736 argumenti
705 2658 774 2714 erat
796 2658 827 2715 et
850 2649 995 2737 longiore
1016 2650 1108 2716 titulo
1131 2661 1205 2717 ute-

46 2763 126 2835 batur
153 2791 224 2835 eam
255 2776 378 2833 tantum
408 2778 531 2854 partem
561 2789 733 2854 apposuere
760 2789 842 2856 quae
871 2769 1029 2856 spectabat
1057 2768 1089 2834 id
1118 2770 1204 2856 quod

45 2907 76 2951 er
106 2911 200 2976 opere
234 2888 410 2954 sumebant.
452 2889 607 2976 Diogenes
636 2887 778 2952 Laertius
810 2889 1001 2975 scriptorum
1029 2889 1141 2956 seriem
1164 2913 1203 2956 ex

45 3003 200 3074 Demetrio
224 3029 396 3094 excerpens
425 3007 620 3072 Demetrium
647 3009 677 3070 ἐν
706 3013 771 3078 τοῖς
801 3007 970 3086 ὁμωνύμως
1001 3019 1057 3074 aut
1083 3009 1114 3072 ἐν
1135 3019 1200 3082 τοῖς

45 3129 100 3210 περὶ
120 3127 289 3208 ὁμωνύμων
306 3132 437 3204 ποιητῶν
455 3151 492 3192 τε
510 3125 563 3191 aui
582 3124 794 3209 συγγραφέων
815 3124 936 3204 laudat,
972 3129 1200 3214 Harpocration

45 3246 87 3312 ubi
114 3248 154 3314 de
184 3250 273 3316 leaeo
302 3247 444 3334 loquitur
471 3245 582 3314 eodem
612 3245 707 3311 modo
731 3267 769 3312 ac
791 3246 961 3334 Diogenes,
985 3246 1040 3314 ubi
1063 3269 1138 3313 vero
1160 3246 1200 3314 de

45 3368 126 3451 urbe,
151 3393 226 3436 eum
250 3368 342 3433 affert
365 3368 395 3430 ἐν
409 3374 482 3438 ταῖς
504 3365 675 3445 ὁμωνύμως
692 3365 814 3431 πόλεσι.
850 3365 939 3432 Adde
962 3367 1197 3452 epitomatores,

45 3491 86 3576 qui
114 3500 271 3577 quantum
300 3496 426 3574 possent
454 3486 599 3551 brevitati
627 3485 808 3567 studebant,
833 3489 922 3554 cuius
944 3488 991 3554 rei
1012 3487 1094 3554 idem
1117 3491 1199 3555 Har·

46 3609 218 3694 porrationie
240 3607 330 3673 locus
359 3607 443 3674 testis
465 3616 520 3674 est.
566 3607 795 3693 Harpocration
818 3605 1003 3672 laudaverat
1024 3616 1064 3672 A.
1082 3609 1113 3672 ἐν
1131 3617 1196 3682 τοῖς
1282 3649 1290 3699 .'

46 3730 94 3810 rapi
121 3726 292 3807 ὁμωνύμων
322 3732 454 3803 cotardo
480 3751 516 3792 rs
543 3727 596 3792 κωὸ
620 3725 849 3811 συγγραφέων,
872 3725 905 3792 in
926 3727 1068 3813 Epitome
1090 3735 1197 3794 autem
1285 3744 1292 3782 ἓ

46 3845 185 3915 lnltima
206 3844 304 3912 verba
326 3845 418 3912 hodie
435 3845 565 3924 absunt,
589 3854 621 3910 et
641 3844 771 3910 Photius
792 3845 1072 3933 Harpocrationem
1094 3856 1197 3914 uene-

46 3967 182 4047 albens,
206 3966 320 4034 ombso
339 3965 441 4054 operis
458 3963 568 4042 titulo,
586 3986 702 4030 nomen
725 3973 849 4030 tantum
875 3966 1023 4030 Demetrii
1044 3967 1196 4055 Magnetis

46 4087 191 4155 etinebat.
221 4087 363 4173 Denique
380 4084 488 4152 scribis
502 4082 723 4171 imputandum
743 4082 827 4171 quod
844 4082 1003 4150 interdum
1023 4083 1193 4163 ὁμωνύμως

47 4207 266 4289 νσννωνύμως
297 4205 417 4272 obierit.
463 4207 548 4272 Haec
578 4225 827 4270 commemorare
852 4201 1054 4289 supersedere
1075 4203 1193 4290 potuis-

47 4349 126 4397 snus
150 4329 210 4396 nisi
232 4327 427 4396 irritamenta
450 4324 609 4395 malorum
639 4323 771 4392 luissent
791 4333 824 4392 et
846 4345 968 4392 errores
989 4323 1192 4411 peperissent.

1284 4468 1367 4492 Α
