2848 4546
720 311 783 378 116

44 543 46 548 “
171 539 268 620 λέμου
303 536 342 603 de
371 536 508 603 Antonio
536 544 567 601 et
596 533 776 621 Cleopatra,
809 542 878 620 post
904 556 932 600 a.
964 533 1007 600 30
1031 556 1060 602 a.
1085 557 1112 602 o.
1137 534 1273 623 scripsit,
1299 535 1341 607 cl.

170 658 284 726 Athen.
308 681 338 745 p.
364 659 440 726 147.
484 654 608 720 Muller.
639 656 735 720 RH.
760 653 999 741 uallarat)
1030 655 1062 720 in
1089 654 1149 720 har
1174 657 1253 722 serie
1275 679 1342 721 non

171 779 295 856 visitur,
320 784 352 842 et
372 776 431 842 nisi
454 774 534 841 forte
556 775 623 840 eins
645 775 739 838 etiam
761 795 877 838 nomen
902 796 941 838 ex
963 774 1116 838 Sosiorate
1138 785 1185 840 est
1207 798 1341 861 corrup·

172 909 241 963 tum
263 895 315 985 (cf.
334 895 502 962 Sosicrates
519 893 673 971 Rhodius,
699 894 863 973 Δοοοδοχῶν
882 894 1031 978 seriptum
1055 892 1170 958 Muller
1186 894 1245 960 IlI.
1263 893 1341 961 501.

173 1019 408 1083 Westermann.
438 1016 470 1080 in
502 1013 604 1080 Paulii
636 1012 726 1078 Thes.
749 1013 806 1075 Vl.
829 1033 861 1097 p.
887 1010 986 1101 1329)
1020 1012 1197 1079 testimonio
1222 1013 1262 1078 sit
1284 1037 1344 1080 nos

170 1135 320 1201 Demetrii
340 1135 491 1223 Magnetis
513 1133 680 1214 ὁμωνύμων
704 1131 862 1219 catalogos
885 1140 997 1196 terere.

215 1253 265 1320 Ad
287 1253 414 1320 titulum
437 1254 616 1330 ἐπικλήσεις
641 1253 712 1318 θεῶν
735 1250 806 1316 vide
827 1249 977 1336 Stephani
999 1249 1089 1316 Thes.
1112 1251 1203 1340 Ling.
1229 1250 1287 1318 Gr.
1311 1273 1343 1316 r.

173 1375 372 1451 ἐπικλήσεις,
397 1373 629 1464 Schweighaua
644 1369 685 1438 ad
695 1371 809 1439 Athen.
823 1394 853 1458 p.
869 1371 950 1449 111,
963 1369 1172 1449 Lobeokium,
1185 1368 1343 1457 Aglaoph.

172 1519 202 1584 p.
225 1497 306 1576 402,
331 1496 386 1562 ubi
407 1495 496 1560 locus
517 1493 686 1560 Herodiani
711 1492 779 1574 arpi
804 1475 910 1572 μονήρ.
933 1489 1003 1569 λὲξ.
1027 1513 1058 1577 p.
1084 1491 1103 1554 6
1127 1498 1159 1556 et
1180 1491 1221 1556 K.
1246 1488 1343 1555 Lehr·

172 1618 254 1682 sium
277 1615 317 1682 ad
339 1612 564 1681 Herodianum.

733 1787 777 1854 T.

646 2007 869 2066 ΤΙΜΩΝΕΣ.

219 2217 249 2282 1.
274 2215 385 2280 Timon
409 2212 576 2292 Phliasius,
601 2212 614 2276 ὃ
639 2209 875 2294 Σολλογροὶφος.

217 2336 420 2422 Diogenes
447 2335 481 2401 L.
511 2334 567 2402 IX.
592 2334 666 2396 112.
700 2330 813 2410 Γέγονε
844 2331 875 2395 δὲ
902 2331 956 2397 aul
983 2329 1082 2414 ἕτερος
1105 2331 1233 2412 Τίμων,
1259 2331 1343 2413 ὅμο-

169 2441 354 2534 adalpertus.

217 2574 362 2638 Timones
380 2572 461 2637 inter
478 2569 628 2636 Demetrii
655 2571 808 2658 Magnetis
828 2569 1007 2658 fragmenta
1036 2593 1154 2658 ponere
1183 2571 1340 2651 dubitavi;

173 2691 343 2778 quominus
371 2713 447 2755 vero
474 2711 629 2776 ponamus
655 2713 719 2754 non
751 2690 869 2768 obstat,
894 2689 979 2777 quod
1000 2689 1033 2755 in
1056 2690 1194 2756 Timonis
1217 2689 1345 2756 Phliasii

173 2810 238 2875 vita
270 2810 425 2898 Diogenes
458 2808 652 2874 Demetrium
690 2819 800 2874 testem
842 2832 906 2874 non
941 2808 1097 2888 laudavit,
1129 2808 1183 2874 sed
1212 2811 1342 2887 Timon,

175 2927 340 2994 hominum
374 2948 461 3005 osor,
497 2927 553 2990 etsi
586 2926 682 2992 homo
716 2928 845 2993 minime
879 2927 981 3007 rudis,
1016 2951 1056 2994 ne
1087 2929 1123 2994 iis
1152 2928 1344 3016 philosophis

177 3046 321 3135 quidem,
356 3048 555 3112 aDemetrio
577 3046 754 3126 recensitis,
786 3045 1043 3112 adnumerandus
1075 3057 1137 3127 est,
1169 3049 1224 3135 qui
1252 3047 1343 3113 nulla

175 3169 290 3253 scripta
320 3167 527 3252 reliquerunt.
573 3167 735 3232 incertum
762 3189 889 3253 quoque
912 3188 952 3231 an
982 3190 1056 3231 eum
1078 3168 1256 3233 Demetrius
1285 3166 1341 3232 ha·

174 3286 279 3352 buerit
311 3295 436 3372 poetam
472 3284 512 3350 ob
545 3285 759 3374 epigramma,
798 3285 883 3373 quod
917 3285 1104 3352 Plutarchus
1137 3287 1170 3353 in
1205 3287 1343 3353 Antonio

176 3427 203 3470 o.
226 3406 278 3470 70.
302 3427 342 3469 ex
364 3403 505 3468 Neanthe
527 3405 680 3492 cyziceno
703 3415 739 3470 nt
761 3404 900 3482 videtur,
923 3404 1026 3470 hausit
1048 3415 1080 3470 et
1101 3405 1140 3472 de
1163 3430 1227 3493 quo
1250 3417 1342 3473 caute

176 3522 269 3588 dixit:
302 3523 382 3605 „aul
415 3530 505 3590 τοῦτο
534 3525 590 3604 μὲν
622 3524 716 3588 alisia
751 3523 814 3612 (τὸν
842 3525 987 3614 Tiamaa)
1024 3523 1069 3591 ἔτι
1094 3526 1193 3609 ζῶννοο
1214 3551 1343 3602 πεποιη-

177 3643 262 3708 κὲνοοο
289 3641 454 3722 λέγονοο.”
488 3644 528 3709 of.
551 3643 668 3710 Scholl.
692 3644 747 3708 Ar.
771 3645 842 3731 Lys.
867 3647 942 3712 808.
965 3644 1186 3711 putrerula
1209 3645 1266 3711 Gr.
1285 3646 1343 3711 Ill.

47 3779 54 3786 ·
177 3786 209 3849 p.
234 3762 333 3827 2-5.
367 3765 475 3850 Neque
506 3785 684 3830 asseverare
706 3765 806 3828 ausim
829 3764 892 3829 iarn
916 3764 1156 3853 Aristophanem
1177 3764 1217 3830 ad
1240 3765 1342 3852 ipsum

175 3880 256 3948 illud
294 3882 490 3972 epigramma
530 3883 670 3950 allusisse
711 3907 810 3970 quum
845 3885 1007 3950 Timonem
1042 3895 1169 3950 vocaret
1201 3883 1342 3965 Ἐρινύων

176 4003 326 4086 ἀπορρώξ.
373 4002 422 4067 Ab
456 4002 555 4068 altera
588 4014 694 4090 parte,
729 4004 884 4091 Diogenes
916 3987 1007 4071 null'o
1036 4005 1099 4070 alio
1128 4004 1198 4070 loco
1228 4004 1288 4068 nisi
1310 4003 1343 4066 in

176 4123 314 4188 Timonis
336 4121 463 4188 Phliasii
486 4124 549 4188 vita
571 4125 729 4203 ὁμώνυμον
749 4123 998 4212 misanthropum
1018 4133 1189 4202 memorat,
1214 4133 1246 4187 et
1262 4145 1342 4186 non-

178 4241 236 4304 nisi
259 4239 391 4306 solemni
413 4240 550 4308 formula
572 4243 701 4322 Γέγονε,
728 4254 785 4310 etc.
809 4243 963 4326 adhibita,
977 4257 1046 4332 post
1061 4266 1156 4332 quam
1171 4242 1340 4309 formulam

177 4357 326 4424 demere
357 4361 460 4426 statim
489 4362 568 4428 redit
590 4362 629 4428 ad
653 4363 715 4429 alia
738 4365 843 4428 omnia
867 4364 887 4431 i.
905 4389 932 4432 e.
957 4363 1110 4443 adeum,
1135 4364 1224 4428 cuius
1247 4364 1342 4426 vitam
