2848 4546
668 264 708 328 85

101 485 316 568 κακιαμέιῳ”;
353 486 433 552 idem
464 485 642 553 Athenaeus
672 510 703 575 p.
736 489 799 553 646
830 490 918 554 varia
948 511 1066 576 panum
1092 511 1210 578 genera
1233 511 1272 556 ex

102 607 236 674 Comicis
258 629 437 685 recensens,
464 606 598 672 eundem
622 607 823 676 Theodorum
842 610 872 674 ἐν
892 618 964 682 ταῖς
986 613 1150 682 Ἀττικαῖς
1166 608 1272 673 Pado·

100 751 172 800 ταις
198 729 305 808 affert;
338 738 370 793 et
391 750 421 813 p.
448 728 511 793 677
536 727 590 793 ubi
612 727 696 794 idem
719 729 757 795 de
779 729 889 795 eadem
912 729 1048 795 Platonis
1071 727 1179 793 fabula
1202 728 1272 792 lau·

97 845 194 912 datur
227 870 285 934 pro
319 849 349 912 ἐκ
384 857 456 919 ταῖς
488 851 537 914 Ἀ.
566 853 686 930 φαναῖς
717 849 945 915 restituendum
976 825 1025 913 est
1053 849 1084 912 ἐν
1117 855 1190 919 ταῖς
1219 847 1270 912 Ἀ.

97 968 273 1039 Γλώσσαις.
310 967 507 1047 Athenaeus,
532 990 632 1054 quum
655 990 746 1054 saepe
769 967 923 1033 Theodori
944 990 1023 1054 opus
1044 965 1161 1044 adiret,
1184 964 1271 1030 nude

96 1085 259 1154 interdum
281 1089 348 1154 eius
369 1110 486 1153 nomen
510 1060 630 1175 posuit,
655 1111 684 1152 v.
698 1111 725 1154 c.
738 1109 769 1174 p.
782 1088 847 1153 497
866 1087 1011 1171 ,,“Ριιτι’ς,
1037 1085 1140 1168 φιάλη
1153 1092 1267 1167 χρυσαῖ.

99 1205 264 1288 Θεόδαμος.
299 1213 448 1288 Κρατῖνος
487 1208 517 1270 ἕι
551 1206 681 1286 Νόμοις·
716 1206 838 1290 ,ῥυσίδι
870 1206 1040 1272 saeuior?
1071 1216 1103 1271 et
1131 1229 1162 1293 p.
1195 1206 1270 1270 691.

96 1325 265 1391 Praeterea
288 1336 362 1391 nota
384 1324 526 1391 conlusio
548 1325 600 1390 hic
622 1348 750 1413 quoque
772 1325 891 1391 obtinet
914 1337 944 1390 et
967 1325 1118 1407 Θεόδωρος
1148 1323 1167 1389 ὅ
1186 1328 1269 1405 Ἀρι-

97 1443 266 1526 τταρχειας
291 1445 386 1510 semel
409 1455 504 1532 atque
526 1446 640 1510 iterum
661 1444 745 1531 apud
759 1444 955 1511 Athenaeum
973 1443 1054 1510 male
1070 1445 1103 1508 in
1122 1443 1268 1525 Διόδωρος

95 1564 189 1644 abiit,
214 1586 291 1635 v.‚c.
309 1588 339 1651 p.
364 1565 444 1644 6423
470 1574 502 1629 et
524 1588 555 1651 p.
574 1565 637 1630 479
656 1563 854 1629 scribendum
876 1563 1024 1644 Θεόδωρος
1044 1565 1074 1628 ἕν
1090 1566 1265 1635 Ἰταλικαῖς

95 1684 278 1756 Γλώσσαις,
304 1683 358 1748 ubi
380 1682 418 1748 de
440 1683 631 1770 Epicharmo
654 1706 767 1749 sermo.
798 1682 909 1762 Vides,
934 1693 970 1748 ut
986 1681 1136 1764 Θεόδωρος
1155 1682 1168 1746 ὁ
1184 1685 1268 1763 Ἀρι-

94 1802 283 1887 στιίρχειας,
310 1815 341 1868 et
363 1803 395 1870 in
419 1805 583 1876 Ἀττικαῖς
608 1815 640 1868 et
664 1805 697 1868 in
721 1807 895 1876 Ἰταλικαῖς
912 1802 1075 1874 Γλώτταις
1093 1802 1265 1883 γεγραφὼς

92 1924 163 2006 περὶ
199 1928 329 1998 actardo
360 1923 454 1988 etiam
484 1922 568 2008 quod
598 1911 637 1987 ad
669 1932 847 2008 temporum
878 1923 1050 2000 rationem,
1079 1921 1148 1986 iure
1171 1943 1265 1986 suum

94 2042 154 2107 sibi
177 2041 283 2107 locum
306 2043 338 2106 in
361 2042 511 2106 Demetrii
534 2040 679 2107 indiculis
702 2041 847 2107 vindicet.

141 2158 426 2233 ἑπτακαιδέκατος,
453 2158 542 2240 impl
565 2209 574 2234 ,
598 2159 759 2236 Ἀθηναίου
781 2162 933 2239 μαθητής.
974 2159 1153 2226 Athenaeus
1175 2158 1264 2222 Atta·

92 2279 205 2358 lensis,
241 2276 379 2343 medicus
413 2279 631 2365 pneumaticus
665 2281 737 2345 satis
767 2279 895 2361 nobilis;
931 2291 1008 2345 natu
1039 2279 1134 2366 paulo
1164 2277 1265 2342 maior

49 2412 51 2414 ’
92 2398 171 2478 fuit,
208 2421 302 2484 quam
341 2399 370 2464 ei
403 2399 585 2465 adversatus
619 2399 817 2486 Asclepiades
851 2402 1005 2464 Prusaeus
1041 2397 1155 2483 (Galen
1176 2399 1263 2467 VIII.

93 2518 173 2598 646,
200 2519 282 2597 749,
306 2521 361 2585 XI.
388 2521 462 2586 163.
487 2519 611 2606 Kuhn).
657 2519 872 2605 Asclepiades,
898 2518 1051 2584 celebrior
1074 2540 1170 2604 quam
1194 2515 1264 2581 cla-

89 2637 171 2717 rior,
204 2661 244 2704 ex
274 2638 384 2704 orandi
415 2641 565 2728 magistro
591 2639 730 2704 medicus
753 2640 815 2704 iam
840 2638 940 2704 lactus
962 2647 1030 2703 erat
1052 2646 1124 2702 ante
1147 2659 1175 2702 a.
1202 2636 1261 2715 91,

90 2779 155 2842 quo
184 2780 269 2822 anno
298 2760 331 2824 L.
357 2759 490 2824 Licinius
512 2761 639 2824 Crassus
670 2769 776 2825 orator
805 2759 882 2824 obiit
912 2757 1050 2846 (Clinton
1080 2757 1112 2822 F.
1136 2757 1175 2822 H.
1203 2755 1259 2821 Ill.

89 2898 121 2962 p.
137 2875 227 2966 542).
252 2878 379 2944 Crassus
402 2877 486 2964 apud
508 2879 688 2944 Ciceronem
712 2876 751 2944 de
773 2877 862 2944 Orat.
883 2879 909 2942 Ι.
932 2878 983 2941 14.
1007 2877 1051 2940 ait
1071 2874 1132 2940 hoc
1152 2873 1258 2939 Ascle-

89 2995 181 3083 piade
203 3020 235 3062 se
258 2997 379 3063 medico
402 2998 564 3084 amicoque
587 3020 681 3062 usum
705 2997 812 3077 fuisse3
838 3018 937 3083 quum
958 3004 1065 3060 autem
1088 2991 1260 3060 Antiochus

88 3115 311 3196 Academicus,
345 3140 438 3204 quem
462 3118 571 3183 Cicero
594 3131 627 3181 a⁰
651 3117 692 3182 79
716 3115 845 3182 Athenis
868 3114 987 3180 audivit
1020 3115 1094 3204 (Cic.
1116 3113 1206 3179 Brut.
1231 3136 1259 3178 c.

65 3279 68 3284 -
91 3234 165 3324 91),
189 3236 386 3316 Athenaeus,
410 3236 606 3324 Asclepiades
629 3235 797 3302 ethorum
821 3245 898 3300 natu
918 3258 982 3300 non
1002 3235 1105 3299 maior
1130 3233 1258 3298 Crassus

91 3354 292 3445 (140-91),
325 3355 533 3445 quadraginta
562 3356 628 3422 fere
658 3357 748 3421 annis
778 3364 849 3421 ante
872 3355 1053 3421 Ciceronem
1076 3353 1141 3418 nati
1163 3364 1255 3434 sunt,

88 3473 241 3541 Athenaei
271 3475 455 3562 discipulus,
487 3475 682 3556 Theodorus,
713 3475 856 3542 Ciceroni
881 3452 1027 3560 'aequalis
1060 3482 1139 3538 natu
1160 3473 1258 3560 paulo

90 3596 191 3661 maior
214 3595 322 3678 fuerit,
354 3598 474 3685 ipsique
503 3598 662 3663 Demetrio
692 3597 845 3686 Magneti,
878 3595 932 3682 qui
964 3594 1050 3662 hunc
1080 3594 1257 3682 pneumati·

90 3739 163 3782 cum
193 3717 276 3783 inter
305 3717 488 3782 novissimos
517 3739 595 3804 quos
625 3717 713 3781 novit
740 3717 905 3782 recensuit.
936 3752 981 3766 -
1010 3714 1055 3778 De
1076 3711 1255 3789 Athenae0,

89 3836 241 3923 discipulo
279 3860 336 3902 suo
376 3836 509 3902 clariore
549 3846 713 3922 sectaeque
746 3835 964 3922 pneumaticae
998 3831 1158 3898 conditore
1192 3829 1257 3918 egit

88 3955 242 4044 Sprengel
265 3957 305 4020 II.
330 3979 360 4043 p.
386 3956 439 4023 95.
464 3955 504 4024 cf.
528 3955 649 4022 Fabric.
673 3956 708 4024 B.
733 3956 789 4025 Gr.
813 3957 901 4024 XIII.
920 3956 978 4023 93.

132 4073 288 4149 εἰκοστός,
324 4077 450 4151 actuale
481 4074 669 4158 τραγῳδίας.
716 4075 888 4140 Meinekius
921 4074 960 4138 H.
991 4072 1042 4137 Cr.
1074 4073 1161 4136 Com.
1196 4069 1253 4136 Gr.

88 4219 118 4282 p.
143 4194 210 4259 524
239 4218 303 4282 seq.
335 4218 435 4282 quum
466 4195 600 4261 nesciret
627 4193 685 4260 hos
715 4194 882 4274 ὁμωνύμων
908 4191 1070 4280 catalogus
1092 4198 1254 4254 auctorem

91 4314 205 4382 habere
235 4317 429 4383 Demetrium
452 4319 648 4406 Magnetem,
681 4315 777 4402 inque
800 4315 836 4380 iis
865 4314 1031 4399 scriptores
1054 4319 1176 4375 tantum
1200 4330 1256 4374 oc·
