2848 4546
667 286 709 348 93

102 509 192 576 nulla
217 509 402 596 praestantis
423 507 537 574 indolis
552 508 666 595 scripta
685 517 891 574 monumenta
909 506 1081 594 reliquerit.
1114 510 1272 597 Lyconem

103 629 239 696 Socratis
269 638 484 695 accusatorem
514 650 586 694 cum
614 628 739 716 Lycone
770 627 838 693 miti
861 626 989 693 homine
1010 625 1158 715 Autolyci
1181 640 1271 714 patre

101 751 133 815 in
151 747 282 816 Scholiis
299 748 338 816 ad
350 749 429 817 Plat.
441 747 533 835 Apol.
548 747 716 826 conhmdi,
738 746 871 814 ostendit
882 745 1016 813 Cobetus
1026 748 1112 813 Pros.
1126 746 1271 834 Xenoph.

102 892 133 955 p.
160 869 200 935 55
224 889 288 953 seq.

661 1073 709 1139 M.

574 1353 796 1412 ΜΕΘΩΝΑΙ.

147 1587 460 1675 Harpocration:
485 1586 661 1663 Μεθώνη.
687 1586 884 1666 Δημοσθένης
900 1595 1110 1660 Φιλιππικοῖς.
1127 1587 1215 1666 λέγοι
1231 1586 1270 1653 ἂν

101 1708 157 1783 rhu
177 1709 209 1773 ἐν
230 1708 352 1792 Θρᾴκη,
374 1706 409 1783 ἣν
438 1712 603 1789 πολιορκῶν
627 1705 781 1779 Φίλιππος
804 1706 935 1784 ἐξεκόπη
957 1709 1009 1772 τὸν
1029 1706 1124 1785 δεξιὸν
1148 1708 1271 1789 ὀφθαλ-

101 1826 170 1906 μόν.
196 1828 372 1910 Δημήτριος
399 1829 425 1892 δ’
449 1828 463 1892 ὃ
485 1825 622 1906 Μᾴηνης
649 1827 680 1891 ἕν
705 1835 778 1899 ratic
808 1826 991 1905 ποιονόμοις
1020 1826 1054 1916 (l.
1081 1825 1267 1914 ὁμωνύμως)

100 1948 210 2013 πόλεσι
231 1947 388 2029 πέποοιροις
413 1943 493 2012 εἶναι’
512 1951 600 2028 Φηοι
615 1946 775 2018 Μεθώνης.

147 2067 181 2130 Si
210 2068 359 2131 Demetrii
382 2088 461 2152 opus
494 2075 687 2152 superesset,
724 2063 847 2130 facilius
876 2063 1077 2131 dirimeretur
1111 2065 1269 2150 quaestio,

101 2195 220 2251 utrum·
242 2185 387 2252 Methone
421 2183 617 2250 Macedoniae
651 2195 682 2250 et
714 2184 858 2250 Methone
888 2184 1038 2250 Thraciae
1067 2206 1126 2270 pro
1148 2182 1270 2250 duabus

101 2304 247 2385 diversis,
273 2329 313 2371 an
336 2328 394 2392 pro
418 2328 481 2371 una
500 2315 595 2392 atque
614 2303 723 2370 eadem
743 2304 823 2370 urbe
842 2303 1003 2370 habendae
1015 2305 1085 2370 sint.
1121 2304 1270 2393 Stephani

100 2426 267 2514 Byzantini
304 2447 333 2490 v.
368 2426 495 2501 Μεθώνη
530 2425 627 2490 verba
661 2424 787 2491 turbata
821 2434 895 2490 sunt
928 2435 959 2491 et
992 2426 1153 2492 Strabonis
1182 2426 1270 2493 locus

102 2568 133 2632 p.
159 2545 223 2611 436
247 2544 269 2610 f.
293 2567 356 2609 non
380 2567 446 2609 uno
467 2545 596 2611 nomine
615 2554 782 2631 corruptus
805 2554 859 2611 est.
888 2544 1076 2633 Forbigerus
1101 2546 1145 2636 (in
1169 2546 1271 2612 Paulii

102 2666 192 2732 Thes,
227 2688 257 2733 v.
292 2664 449 2753 Methone)
484 2663 523 2730 ad
558 2663 735 2730 Methonem
769 2663 1000 2730 Macedonicam
1035 2667 1131 2732 traxit
1163 2665 1270 2733 locum

101 2784 263 2851 Plutarchi
287 2786 349 2868 Qu.
373 2786 429 2850 Gr.
452 2787 515 2865 xl,
545 2796 580 2851 ut
602 2808 672 2851 eam
696 2783 850 2850 coloniam
880 2786 1104 2852 Eretriensium
1135 2787 1268 2869 diceret;

101 2915 135 2971 at
157 2904 345 2971 Plutarchus
379 2905 485 2971 favere
518 2905 643 2970 ridetur
671 2905 838 2992 suspicioni
871 2904 1075 2986 Groskurdii,
1107 2907 1158 2972 cui
1182 2906 1271 2972 oblo-

103 3025 212 3112 quitur
245 3026 449 3114 ForbigeruS,
485 3025 639 3091 consentit
667 3024 839 3091 Meinekius
875 3023 927 3114 (ad
961 3025 1006 3089 St.
1040 3027 1079 3090 B.
1103 3048 1133 3093 v.
1161 3024 1270 3115 Med).

102 3142 317 3210 Groskurdius
341 3147 394 3234 (ΙΙ.
421 3145 498 3232 237)
520 3142 698 3210 Mathonem
721 3142 872 3208 Thraciae
894 3153 926 3208 et
948 3143 1145 3209 Macedoniae
1167 3144 1269 3210 diver·

103 3285 151 3328 sas
172 3261 309 3342 habens,
336 3265 368 3329 in
392 3264 504 3330 mutilo
534 3263 695 3328 Strabonis
722 3263 792 3329 loco
814 3286 845 3351 p.
870 3263 935 3328 436
960 3273 1030 3348 post
1050 3269 1106 3336 τῆς
1130 3263 1268 3346 Θρᾳκίοις

101 3384 247 3459 Μεθώνης
273 3384 428 3471 supplevit
450 3384 502 3449 aad
525 3391 580 3458 τῆς
602 3383 835 3457 Μοικεδονικῆςς
859 3405 973 3468 nempe
995 3355 1183 3448 Plutarchris
1204 3406 1269 3450 non

101 3504 134 3567 in
159 3503 386 3584 Macedoniam,
410 3503 463 3570 sed
475 3505 508 3570 in
519 3503 684 3570 Thraciam
701 3502 890 3568 Eretrienses
910 3501 1019 3566 abiisse
1038 3500 1128 3568 dicit:
1155 3506 1268 3586 ,,Ἐρε-

102 3631 195 3704 πριεῖς
211 3624 262 3689 ἐπὶ
285 3625 408 3708 Θρᾴκης
428 3623 639 3689 ᾴπέπλενποιν
656 3623 708 3688 aad
730 3621 950 3703 κατασχόντες
964 3621 1094 3704 χοιρίον,
1111 3625 1141 3688 ἕν
1156 3616 1178 3703 ᾧ
1193 3622 1269 3704 πρό·

102 3767 186 3824 περον
216 3745 336 3818 οἷκηπνιι
367 3745 500 3809 Μέθωνα
526 3745 578 3809 τὸν
599 3743 736 3826 Ὀρφέος
766 3741 910 3823 πρόγονον
931 3744 1099 3824 ἱστοροῦσι,
1129 3744 1185 3817 ria
1209 3745 1267 3823 μὲν

103 3860 196 3926 πόλιν
214 3861 377 3941 ὥνόροοιονιν
401 3862 581 3939 Μεθώνην“’.
605 3872 663 3928 etc.
710 3863 749 3926 Et
771 3884 871 3948 quum
893 3859 1005 3926 Strabo
1024 3861 1057 3926 in
1069 3863 1179 3928 ceteris
1190 3863 1269 3932 duo·
1292 3848 1298 3862 ⁸

105 3980 164 4046 bus
182 3979 258 4047 locis
280 4005 354 4072 pag.
369 3982 434 4050 330
453 3983 567 4072 fragm.
581 3983 623 4049 30
639 3990 671 4047 et
686 4005 717 4068 p.
735 3982 801 4047 374
825 3979 1014 4060 Medionem,
1034 3979 1090 4045 ubi
1108 3981 1269 4072 Philippus

104 4099 197 4166 oculo
220 4113 328 4189 captus
354 4113 417 4182 est,
444 4113 545 4168 vocet
561 4100 810 4179 Macedonicam,
838 4098 997 4165 idcircone
1021 4101 1266 4186 Harpocration,

106 4220 230 4305 Θρᾴκην
262 4247 331 4290 eam
362 4223 540 4312 appellans,
564 4221 673 4288 eodem
696 4219 792 4287 modo
814 4219 866 4286 hic
888 4219 1041 4285 erraverit
1066 4241 1103 4285 ae
1125 4218 1267 4286 Solinum

104 4364 130 4408 c.
159 4343 215 4422 14,
241 4343 384 4432 Philippo
417 4345 449 4410 in
484 4344 627 4411 Methone
661 4343 837 4431 Magnesiae
866 4339 897 4406 id
928 4339 1073 4406 accidisse
1095 4338 1268 4418 dicentem,
