2822 4540
735 243 828 315 28'

129 551 133 560 ,
217 482 280 545 Pro
311 477 436 568 vulgari
462 475 627 555 συιιίυυμοι
658 474 834 564 genuinum
864 471 1018 559 rescripsi.
1056 471 1238 539 Berkelimn
1261 481 1348 538 recte
1405 539 1406 552 ,

173 599 365 666 vocabulum
394 595 544 669 Σικελίοιι
570 593 761 681 supplevisse
787 592 985 659 confirmabit
1010 591 1147 679 optimus
1169 591 1221 658 bie
1241 593 1346 670 testis,

173 719 336 806 Philippus
369 716 549 794 Cluverius,
585 737 680 800 quem
713 712 903 780 Niebuhrius
937 712 1007 778 loco
1040 736 1105 778 non
1135 735 1201 778 uno
1229 713 1348 778 eximie
1405 769 1406 812 ἒ

174 837 299 918 laudat,
325 838 356 902 in
380 835 527 902 Sicilia
548 835 731 921 Antiqua
753 857 783 922 p.
808 833 870 900 133
891 855 954 919 seq.
979 831 1019 900 cf.
1040 831 1143 899 Sikler
1161 833 1193 897 in
1212 831 1345 920 Eneycl.
1405 873 1406 922 ι

173 957 279 1025 Ersoh.
304 979 336 1024 u.
360 955 486 1021 Gruber
508 976 538 1021 v.
563 953 722 1032 Ἀλοιβώυ.
1241 941 1246 954 ’

1405 1127 1406 1176 l

1405 1315 1406 1382 l

701 1203 818 1259 ΛΑΛΙ.

218 1437 407 1514 Photius,
431 1438 504 1500 Lex.
528 1457 558 1498 v¹
580 1434 758 1508 Κιίυειος,
788 1434 953 1500 Ἀπίλλιου
980 1435 1141 1510 Ἀίηιησιυ
1170 1431 1265 1506 οὕτως
1290 1447 1345 1497 λε·
1405 1487 1406 1494 ,

173 1557 305 1638 γίμευος
323 1594 367 1606 -
388 1555 513 1636 Κροίσης
535 1556 566 1619 ἒυ
588 1555 630 1636 σῷ
649 1555 718 1638 περὶ
743 1560 801 1619 σῶν
819 1555 963 1630 Ἀίιίυησι
985 1555 1091 1620 ίυσιιῒου
1113 1551 1189 1618 vilra
1209 1550 1344 1635 γράφει*

175 1679 210 1741 τὸ
239 1677 270 1743 δὲ
295 1674 437 1752 Κυυοίειίυ
460 1677 544 1740 ἒσσιι
570 1674 766 1749 ’Λπόλλωνος
793 1674 882 1756 lapda·
911 1675 1053 1740 Κυυυείου
1080 1675 1115 1739 τὸ
1141 1676 1176 1739 ἐκ
1197 1677 1252 1739 τοῦ
1276 1673 1345 1737 ίυυ-

81 1835 86 1847 ·
175 1796 252 1862 υείου
280 1795 455 1875 γευόμενοι.
486 1800 576 1860 τοῦτο
609 1794 640 1860 δέ
669 1797 735 1859 ἔστι
763 1793 798 1858 τί
828 1795 958 1860 ίυυυεῖου
981 1797 1105 1868 Ἃλῆσι.
1141 1790 1345 1872 calybem

175 1915 313 1999 πρόσοδοι
328 1914 471 1996 μεγοίλη·
485 1915 604 1991 rudens
620 1917 637 1990 ἦ
655 1913 744 1986 σίλις
760 1915 803 1988 είς
820 1912 926 1979 ίυσίοιυ
941 1913 1151 1996 κοιτοιχυρίζει
1164 1913 1207 1994 τῷ
1223 1911 1306 1978 'Aut
1329 1947 1345 1961 -
1405 1911 1406 1978 ί

175 2051 247 2101 λυυι
273 2038 315 2118 τῷ
338 2035 483 2117 Κυυηείῳ·
506 2034 653 2111 εΑλησίου
677 2034 852 2115 Δημήτριος
876 2032 889 2096 ὁ
913 2032 1080 2111 βοοσιλειίς.

219 2160 265 2223 De
295 2156 397 2222 forma
425 2156 547 2228 Κιίυειοι
579 2153 688 2220 confer
716 2153 887 2218 Ruhnken.
914 2151 954 2217 ad
987 2151 1121 2239 Hesych.
1146 2153 1187 2216 ΙΙ.
1210 2175 1241 2239 p.
1266 2155 1345 2220 380.
1405 2139 1406 2220 ff

174 2276 299 2343 Muller.
321 2278 354 2341 F.
372 2277 409 2340 H.
427 2275 483 2340 Gr.
507 2276 561 2342 IV.
582 2275 658 2340 499.
673 2313 717 2326 -
732 2275 890 2338 Kusterus
912 2271 953 2337 ad
975 2271 1104 2338 suidam
1127 2295 1157 2337 v.
1180 2273 1342 2348 Κυυιίειος,
1405 2329 1406 2342 ι

175 2396 229 2461 ubi
258 2395 366 2462 eadem
396 2417 495 2480 aeque
518 2403 667 2480 corrupta
689 2393 859 2482 leguntur,
888 2391 1010 2458 dixerat
1038 2392 1096 2458 sibi
1124 2415 1189 2457 non
1223 2393 1346 2479 liquere

175 2515 251 2603 quid
274 2514 486 2604 significarent
508 2522 564 2579 aut
589 2515 644 2601 qui
669 2537 743 2580 oum
762 2512 1019 2601 praecedentibus
1045 2512 1250 2578 cohaererent
1272 2535 1345 2579 ver·

175 2636 216 2701 ba
237 2635 385 2711 Ἀλησίου
402 2635 576 2715 Δημήτριοι
599 2634 613 2698 ὅ
635 2634 802 2714 βοισιλεύς.
832 2634 942 2698 Postea
965 2631 1100 2697 eundem
1123 2631 1229 2698 locum
1248 2634 1346 2698 Hem-

174 2755 345 2822 sterhusius
367 2754 485 2820 frustra
507 2754 691 2841 explicavit,
724 2753 824 2819 donec
846 2753 1022 2831 Dobraeus,
1047 2751 1224 2817 litterarum
1248 2754 1347 2817 vesti-

126 2916 127 2921 1
174 2874 228 2964 gia
246 2883 387 2952 secutm,
411 2873 549 2960 repperit
571 2876 696 2949 Ἀλῆσι·
721 2871 814 2945 οὕτως
834 2873 1011 2954 Δημήτριος
1031 2872 1045 2936 o‘
1064 2871 1212 2950 Μοίγυης.
1242 2871 1346 2960 (Phot.

152 2993 223 3059 ed.
247 2993 341 3058 Dobr.
364 2993 396 3057 in
419 2991 526 3058 Indice
547 2992 722 3057 Auctorum
746 3014 776 3078 p.
802 2993 893 3080 852.)
928 2995 1017 3058 Hanc
1042 2992 1230 3080 palmariam
1253 3018 1345 3062 suam

173 3112 422 3178 emendationem
453 3111 506 3176 ille
535 3112 597 3176 iam
626 3120 717 3176 antea
748 3111 880 3190 fecerat,
917 3135 1013 3199 quam
1044 3122 1171 3178 mortuo
1205 3114 1346 3180 Porsono

173 3234 319 3299 Photium
343 3232 465 3311 ederet,
489 3241 525 3296 ut
547 3255 587 3296 ex
608 3231 803 3297 Adversariis
831 3234 869 3322 (1.
893 3256 924 3319 p.
950 3233 1041 3320 597.)
1064 3242 1210 3320 apparet,
1235 3242 1267 3298 et
1288 3231 1346 3299 do-

174 3362 283 3419 cuerat
303 3351 515 3438 corruptelam
537 3374 603 3417 esse
625 3361 727 3417 ortam
751 3376 790 3417 ex
813 3351 998 3438 compendio
1021 3353 1210 3439 scripturae,
1243 3375 1345 3440 quum

174 3473 308 3539 nominis
331 3470 456 3550 μοίγυης
478 3481 540 3536 tres
560 3471 679 3558 priores
704 3470 825 3536 litterae
847 3481 971 3537 tantum
990 3472 1212 3538 scriberentur.
1247 3474 1346 3548 Ἀλη-

174 3589 239 3658 σίου
269 3590 475 3678 depravatum
499 3613 565 3656 esse
594 3614 634 3657 ex
656 3594 769 3665 Ἀλῆσι
794 3589 887 3664 οὕτως
915 3615 1008 3658 nemo
1031 3591 1199 3672 dubitabit;
1232 3603 1347 3660 notum

173 3717 220 3776 est
237 3733 269 3776 ου
297 3709 360 3798 (οὐ,
382 3705 432 3798 οὗ)
458 3732 549 3796 saepe
571 3710 723 3795 scriptum
747 3733 813 3774 esse
835 3732 895 3796 pro
917 3707 1012 3784 οὕτως
1040 3722 1071 3777 et
1093 3712 1245 3799 exemplis
1269 3736 1345 3779 con·

172 3829 278 3896 firmat
299 3831 438 3911 Bestius,
468 3830 555 3895 (lom.
580 3828 647 3894 Pal.
678 3851 708 3915 p.
734 3831 809 3895 828.
855 3830 1000 3896 Ceterum
1028 3842 1119 3897 erant
1145 3833 1239 3898 Ἀλοιί
1264 3834 1345 3913 ὁμώ-

173 3972 276 4030 vapor:
311 3949 375 4016 duo
407 3950 502 4016 Attici
533 3947 633 4028 demi,
677 3972 761 4014 unus
791 3948 886 4014 ‘Alai
920 3950 1102 4028 Αίξυυίδες,
1139 3951 1219 4016 alter
1249 3953 1344 4018 Ἀλοιὶ

171 4067 401 4152 Ἀροιφηιίδεις
434 4078 595 4154 praeterea
622 4067 799 4157 Stephanus
825 4071 860 4134 B.
884 4092 916 4138 v,
939 4071 1034 4137 Ἀλοιί
1062 4072 1123 4137 tria
1145 4070 1206 4138 alia
1229 4072 1347 4160 oppida

172 4188 361 4276 cognomina
382 4186 479 4260 novit.
525 4184 611 4270 Quid
632 4188 747 4258 horum
768 4213 787 4256 a
809 4190 969 4258 Demetrio
992 4192 1154 4263 sumserit,
1178 4193 1240 4258 iam
1264 4191 1345 4258 indi-

172 4306 237 4373 cari
259 4306 385 4393 nequit,
405 4302 444 4372 de
466 4306 611 4374 Boeotiae
633 4309 712 4377 urbe
736 4319 843 4378 uatem
868 4311 977 4380 laudat
996 4314 1200 4392 Pausaniam,
1229 4311 1268 4378 de
1290 4311 1343 4379 de-
